Date,Region,Retailer Type,Customer,Quantity,Revenue,Profit,,,,,,,,,,,,,,,,,,,
1/1/2016,South,Food & Staples,Winn-Dixie,1100,22000,7480,,,,,,,,,,,,,,,,,,,
1/1/2016,West,Multiline,Nordstrom,1600,123200,43120,,,,,,,,,,,,,,,,,,,
1/1/2016,West,Food & Staples,Costco,1600,44800,11200,,,,,,,,,,,,,,,,,,,
1/2/2016,North East,Specialty,Foot Locker,1700,93500,31790,,,,,,,,,,,,,,,,,,,
1/2/2016,South,Specialty,The Home Depot,800,48800,6832,,,,,Sum of Profit,Column Labels,,,,,,,,,,,,,
1/2/2016,Mid West,Food & Staples,Target,400,9200,1288,,,,,Row Labels,<1/1/2016,Jan,Feb,Mar,Apr,May,Jun,Jul,Aug,Sep,Oct,Nov,Dec,Grand Total
1/3/2016,Mid West,Food & Staples,Casey's,300,15000,2100,,,,,Mid West,,226976,259899,211383,225800,271895,282079,111800,198866,217687,210353,184242,133277,2534257
1/3/2016,Mid West,Food & Staples,Casey's,500,9500,1710,,,,,North East,,117087,89684,87946,68799,170242,97369,29682,25752,65143,186828,97544,169672,1205748
1/5/2016,West,Multiline,Nordstrom,1600,56000,14560,,,,,South,,300275,310292,491416,719098,427207,391655,520290,287954,375341,553053,261975,420907,5059463
1/5/2016,Mid West,Multiline,Kohl's,1300,32500,9425,,,,,West,,245948,227513,195816,288412,217197,233447,296656,222079,181944,260797,231349,231406,2832564
1/5/2016,South,Multiline,Dollar General,1400,106400,20216,,,,,(blank),,,,,,,,,,,,,,
1/5/2016,Mid West,Food & Staples,Target,900,12600,3780,,,,,Grand Total,,890286,887388,986561,1302109,1086541,1004550,958428,734651,840115,1211031,775110,955262,11632032
1/6/2016,North East,Specialty,Foot Locker,1200,14400,3312,,,,,,,,,,,,,,,,,,,
1/6/2016,Mid West,Multiline,Kohl's,1500,58500,21645,,,,,,,,,,,,,,,,,,,
1/6/2016,West,Multiline,Nordstrom,200,13400,2412,,,,,Row Labels,Sum of Profit,,,,,,,,,,,,,
1/6/2016,Mid West,Food & Staples,Casey's,800,23200,6496,,,,,Mid West,2534257,,,,,,,,,,,,,
1/7/2016,South,Multiline,Family Dollar,1400,28000,5320,,,,,North East,1205748,,,,,,,,,,,,,
1/7/2016,South,Multiline,Family Dollar,700,32900,6580,,,,,South,5059463,,,,,,,,,,,,,
1/7/2016,South,Multiline,Dollar Tree,300,18600,2790,,,,,West,2832564,,,,,,,,,,,,,
1/8/2016,South,Food & Staples,Walmart,1000,66000,14520,,,,,(blank),,,,,,,,,,,,,,
1/8/2016,Mid West,Multiline,Kohl's,1300,16900,4563,,,,,Grand Total,11632032,,,,,,,,,,,,,
1/8/2016,Mid West,Food & Staples,Target,1200,70800,7788,,,,,,,,,,,,,,,,,,,
1/9/2016,West,Food & Staples,Costco,1600,108800,26112,,,,,,,,,,,,,,,,,,,
1/9/2016,South,Food & Staples,Walmart,1600,123200,34496,,,,,,,,,,,,,,,,,,,
1/9/2016,South,Food & Staples,Walmart,1800,131400,32850,,,,,,,,,,,,,,,,,,,
1/11/2016,Mid West,Food & Staples,Target,1100,52800,11088,,,,,,,,,,,,,,,,,,,
1/11/2016,South,Multiline,Dollar General,700,33600,9744,,,,,,,,,,,,,,,,,,,
1/11/2016,West,Multiline,Nordstrom,400,24400,3904,,,,,,,,,,,,,,,,,,,
1/12/2016,Mid West,Food & Staples,Target,1500,49500,7920,,,,,,,,,,,,,,,,,,,
1/12/2016,North East,Specialty,Foot Locker,700,58100,11039,,,,,,,,,,,,,,,,,,,
1/14/2016,South,Specialty,The Home Depot,500,37500,4875,,,,,,,,,,,,,,,,,,,
1/14/2016,West,Multiline,JC Penney,600,16800,5712,,,,,,,,,,,,,,,,,,,
1/14/2016,South,Multiline,Dollar Tree,1100,55000,6050,,,,,,,,,,,,,,,,,,,
1/14/2016,South,Specialty,Office Depot,1800,104400,20880,,,,,,,,,,,,,,,,,,,
1/14/2016,North East,Specialty,Staples,1800,34200,3420,,,,,,,,,,,,,,,,,,,
1/15/2016,South,Multiline,Dollar General,1300,62400,23088,,,,,,,,,,,,,,,,,,,
1/15/2016,Mid West,Food & Staples,Casey's,1400,95200,31416,,,,,,,,,,,,,,,,,,,
1/15/2016,South,Multiline,Dollar General,1600,120000,30000,,,,,,,,,,,,,,,,,,,
1/16/2016,Mid West,Food & Staples,The Kroger,300,20100,2814,,,,,,,,,,,,,,,,,,,
1/17/2016,South,Specialty,The Home Depot,200,14200,3408,,,,,,,,,,,,,,,,,,,
1/18/2016,North East,Specialty,Foot Locker,1100,94600,12298,,,,,,,,,,,,,,,,,,,
1/18/2016,West,Multiline,JC Penney,300,15600,4836,,,,,,,,,,,,,,,,,,,
1/18/2016,North East,Specialty,Staples,400,27200,8160,,,,,,,,,,,,,,,,,,,
1/19/2016,West,Food & Staples,Costco,900,53100,8496,,,,,,,,,,,,,,,,,,,
1/19/2016,West,Food & Staples,Costco,1300,16900,1690,,,,,,,,,,,,,,,,,,,
1/20/2016,West,Multiline,Nordstrom,1000,38000,7980,,,,,,,,,,,,,,,,,,,
1/21/2016,West,Multiline,JC Penney,1500,126000,45360,,,,,,,,,,,,,,,,,,,
1/21/2016,North East,Specialty,Staples,600,43200,14688,,,,,,,,,,,,,,,,,,,
1/21/2016,Mid West,Multiline,Kohl's,300,25800,9546,,,,,,,,,,,,,,,,,,,
1/21/2016,South,Multiline,Family Dollar,300,3300,1023,,,,,,,,,,,,,,,,,,,
1/21/2016,Mid West,Multiline,Kohl's,1400,30800,11088,,,,,,,,,,,,,,,,,,,
1/22/2016,North East,Specialty,Staples,1800,118800,17820,,,,,,,,,,,,,,,,,,,
1/22/2016,South,Specialty,Office Depot,1200,34800,6960,,,,,,,,,,,,,,,,,,,
1/22/2016,South,Multiline,Family Dollar,1800,41400,9936,,,,,,,,,,,,,,,,,,,
1/22/2016,North East,Specialty,Staples,1200,84000,8400,,,,,,,,,,,,,,,,,,,
1/22/2016,Mid West,Food & Staples,Target,1700,39100,13685,,,,,,,,,,,,,,,,,,,
1/23/2016,South,Multiline,Dollar Tree,1400,53200,11172,,,,,,,,,,,,,,,,,,,
1/24/2016,Mid West,Multiline,Kohl's,300,13800,5106,,,,,,,,,,,,,,,,,,,
1/25/2016,Mid West,Food & Staples,The Kroger,1400,25200,8316,,,,,,,,,,,,,,,,,,,
1/25/2016,South,Specialty,Office Depot,300,3900,1170,,,,,,,,,,,,,,,,,,,
1/25/2016,North East,Specialty,Staples,1000,56000,6160,,,,,,,,,,,,,,,,,,,
1/26/2016,Mid West,Food & Staples,Target,400,34000,12580,,,,,,,,,,,,,,,,,,,
1/27/2016,Mid West,Multiline,Kohl's,400,27600,9384,,,,,,,,,,,,,,,,,,,
1/27/2016,Mid West,Food & Staples,The Kroger,600,42600,8946,,,,,,,,,,,,,,,,,,,
1/27/2016,West,Multiline,Nordstrom,1300,89700,11661,,,,,,,,,,,,,,,,,,,
1/27/2016,West,Multiline,Nordstrom,1800,144000,27360,,,,,,,,,,,,,,,,,,,
1/27/2016,South,Food & Staples,Walmart,500,12000,3960,,,,,,,,,,,,,,,,,,,
1/28/2016,South,Specialty,The Home Depot,1600,70400,24640,,,,,,,,,,,,,,,,,,,
1/28/2016,West,Food & Staples,Costco,500,21000,6300,,,,,,,,,,,,,,,,,,,
1/30/2016,West,Multiline,Nordstrom,1700,76500,25245,,,,,,,,,,,,,,,,,,,
1/30/2016,Mid West,Food & Staples,Casey's,600,34800,4176,,,,,,,,,,,,,,,,,,,
1/31/2016,Mid West,Food & Staples,Target,1400,86800,32116,,,,,,,,,,,,,,,,,,,
1/31/2016,South,Multiline,Family Dollar,1300,81900,12285,,,,,,,,,,,,,,,,,,,
2/1/2016,South,Specialty,Office Depot,700,45500,16380,,,,,,,,,,,,,,,,,,,
2/1/2016,North East,Specialty,Staples,300,12600,3402,,,,,,,,,,,,,,,,,,,
2/1/2016,West,Multiline,Nordstrom,300,14700,3675,,,,,,,,,,,,,,,,,,,
2/2/2016,West,Multiline,JC Penney,1000,71000,7100,,,,,,,,,,,,,,,,,,,
2/2/2016,North East,Specialty,Foot Locker,1800,93600,30888,,,,,,,,,,,,,,,,,,,
2/2/2016,South,Specialty,Office Depot,900,71100,17775,,,,,,,,,,,,,,,,,,,
2/2/2016,South,Food & Staples,Walmart,800,64000,23040,,,,,,,,,,,,,,,,,,,
2/3/2016,West,Food & Staples,Costco,300,19200,4224,,,,,,,,,,,,,,,,,,,
2/3/2016,Mid West,Multiline,Kohl's,1000,74000,12580,,,,,,,,,,,,,,,,,,,
2/4/2016,Mid West,Food & Staples,Target,1100,72600,14520,,,,,,,,,,,,,,,,,,,
2/4/2016,West,Food & Staples,Costco,1500,97500,18525,,,,,,,,,,,,,,,,,,,
2/5/2016,Mid West,Multiline,Kohl's,900,51300,17442,,,,,,,,,,,,,,,,,,,
2/5/2016,South,Multiline,Family Dollar,600,52200,17748,,,,,,,,,,,,,,,,,,,
2/6/2016,North East,Specialty,Foot Locker,1300,75400,9048,,,,,,,,,,,,,,,,,,,
2/7/2016,Mid West,Food & Staples,Target,1500,100500,26130,,,,,,,,,,,,,,,,,,,
2/8/2016,West,Multiline,JC Penney,1800,115200,38016,,,,,,,,,,,,,,,,,,,
2/9/2016,South,Specialty,Office Depot,900,54900,10980,,,,,,,,,,,,,,,,,,,
2/9/2016,South,Multiline,Dollar Tree,1200,14400,3312,,,,,,,,,,,,,,,,,,,
2/10/2016,South,Food & Staples,Walmart,1500,36000,4680,,,,,,,,,,,,,,,,,,,
2/10/2016,Mid West,Food & Staples,The Kroger,400,21200,4876,,,,,,,,,,,,,,,,,,,
2/10/2016,South,Multiline,Dollar General,1000,53000,5830,,,,,,,,,,,,,,,,,,,
2/10/2016,South,Food & Staples,Winn-Dixie,1600,112000,25760,,,,,,,,,,,,,,,,,,,
2/11/2016,Mid West,Food & Staples,Target,800,54400,9248,,,,,,,,,,,,,,,,,,,
2/11/2016,South,Specialty,The Home Depot,1600,86400,27648,,,,,,,,,,,,,,,,,,,
2/11/2016,West,Multiline,JC Penney,1800,115200,40320,,,,,,,,,,,,,,,,,,,
2/12/2016,West,Food & Staples,Costco,1000,22000,4840,,,,,,,,,,,,,,,,,,,
2/12/2016,West,Multiline,JC Penney,400,18000,2520,,,,,,,,,,,,,,,,,,,
2/12/2016,Mid West,Food & Staples,Casey's,1100,94600,22704,,,,,,,,,,,,,,,,,,,
2/13/2016,South,Multiline,Dollar General,1300,28600,6578,,,,,,,,,,,,,,,,,,,
2/13/2016,South,Food & Staples,Winn-Dixie,800,47200,7552,,,,,,,,,,,,,,,,,,,
2/14/2016,North East,Specialty,Foot Locker,700,48300,6279,,,,,,,,,,,,,,,,,,,
2/14/2016,West,Food & Staples,Costco,1300,44200,7072,,,,,,,,,,,,,,,,,,,
2/14/2016,West,Food & Staples,Costco,1500,87000,9570,,,,,,,,,,,,,,,,,,,
2/14/2016,West,Multiline,JC Penney,700,22400,7392,,,,,,,,,,,,,,,,,,,
2/14/2016,West,Multiline,JC Penney,1500,96000,32640,,,,,,,,,,,,,,,,,,,
2/15/2016,West,Multiline,Nordstrom,200,4400,1012,,,,,,,,,,,,,,,,,,,
2/16/2016,South,Food & Staples,Winn-Dixie,1500,129000,29670,,,,,,,,,,,,,,,,,,,
2/16/2016,Mid West,Food & Staples,Target,900,47700,11448,,,,,,,,,,,,,,,,,,,
2/16/2016,Mid West,Food & Staples,Casey's,400,24800,4216,,,,,,,,,,,,,,,,,,,
2/17/2016,Mid West,Food & Staples,Target,1200,63600,18444,,,,,,,,,,,,,,,,,,,
2/18/2016,West,Food & Staples,Costco,1000,66000,9240,,,,,,,,,,,,,,,,,,,
2/18/2016,Mid West,Multiline,Kohl's,900,57600,14400,,,,,,,,,,,,,,,,,,,
2/18/2016,North East,Specialty,Staples,700,31500,6930,,,,,,,,,,,,,,,,,,,
2/18/2016,South,Specialty,The Home Depot,1600,38400,4224,,,,,,,,,,,,,,,,,,,
2/20/2016,South,Multiline,Dollar General,300,5400,810,,,,,,,,,,,,,,,,,,,
2/20/2016,Mid West,Food & Staples,Casey's,1500,42000,7140,,,,,,,,,,,,,,,,,,,
2/21/2016,South,Specialty,Office Depot,800,58400,14600,,,,,,,,,,,,,,,,,,,
2/21/2016,Mid West,Food & Staples,Casey's,300,25500,5100,,,,,,,,,,,,,,,,,,,
2/21/2016,South,Multiline,Dollar Tree,400,31600,6004,,,,,,,,,,,,,,,,,,,
2/22/2016,West,Food & Staples,Costco,1500,31500,8820,,,,,,,,,,,,,,,,,,,
2/22/2016,Mid West,Multiline,Kohl's,1100,93500,22440,,,,,,,,,,,,,,,,,,,
2/22/2016,North East,Specialty,Staples,1200,75600,15876,,,,,,,,,,,,,,,,,,,
2/22/2016,Mid West,Food & Staples,The Kroger,800,47200,5192,,,,,,,,,,,,,,,,,,,
2/23/2016,West,Food & Staples,Costco,900,49500,7425,,,,,,,,,,,,,,,,,,,
2/23/2016,North East,Specialty,Staples,1300,24700,7163,,,,,,,,,,,,,,,,,,,
2/23/2016,West,Food & Staples,Costco,300,18600,6882,,,,,,,,,,,,,,,,,,,
2/23/2016,Mid West,Food & Staples,Target,900,18000,4680,,,,,,,,,,,,,,,,,,,
2/24/2016,West,Food & Staples,Costco,600,9600,1728,,,,,,,,,,,,,,,,,,,
2/24/2016,Mid West,Food & Staples,The Kroger,600,29400,7056,,,,,,,,,,,,,,,,,,,
2/25/2016,South,Multiline,Family Dollar,800,55200,19320,,,,,,,,,,,,,,,,,,,
2/25/2016,Mid West,Food & Staples,The Kroger,400,5600,1904,,,,,,,,,,,,,,,,,,,
2/25/2016,Mid West,Multiline,Kohl's,1500,109500,14235,,,,,,,,,,,,,,,,,,,
2/25/2016,South,Specialty,Office Depot,300,9300,2604,,,,,,,,,,,,,,,,,,,
2/25/2016,Mid West,Food & Staples,The Kroger,200,17400,4176,,,,,,,,,,,,,,,,,,,
2/25/2016,South,Food & Staples,Winn-Dixie,1700,124100,33507,,,,,,,,,,,,,,,,,,,
2/26/2016,Mid West,Multiline,Kohl's,600,15600,2964,,,,,,,,,,,,,,,,,,,
2/26/2016,West,Multiline,JC Penney,1400,53200,12768,,,,,,,,,,,,,,,,,,,
2/27/2016,South,Food & Staples,Walmart,800,41600,14560,,,,,,,,,,,,,,,,,,,
2/27/2016,North East,Specialty,Staples,1700,30600,10098,,,,,,,,,,,,,,,,,,,
2/27/2016,Mid West,Multiline,Kohl's,1400,109200,25116,,,,,,,,,,,,,,,,,,,
2/27/2016,West,Multiline,Nordstrom,1200,15600,3744,,,,,,,,,,,,,,,,,,,
2/28/2016,Mid West,Food & Staples,The Kroger,300,24300,3888,,,,,,,,,,,,,,,,,,,
2/28/2016,South,Food & Staples,Walmart,1000,77000,17710,,,,,,,,,,,,,,,,,,,
3/1/2016,Mid West,Multiline,Kohl's,400,32400,8424,,,,,,,,,,,,,,,,,,,
3/1/2016,South,Specialty,The Home Depot,600,18000,4500,,,,,,,,,,,,,,,,,,,
3/1/2016,West,Food & Staples,Costco,200,11400,2622,,,,,,,,,,,,,,,,,,,
3/1/2016,North East,Specialty,Staples,600,36600,4758,,,,,,,,,,,,,,,,,,,
3/2/2016,West,Food & Staples,Costco,1500,60000,13800,,,,,,,,,,,,,,,,,,,
3/2/2016,Mid West,Food & Staples,The Kroger,1300,39000,3900,,,,,,,,,,,,,,,,,,,
3/2/2016,South,Multiline,Dollar General,1600,17600,3520,,,,,,,,,,,,,,,,,,,
3/2/2016,South,Food & Staples,Winn-Dixie,400,28800,4608,,,,,,,,,,,,,,,,,,,
3/2/2016,Mid West,Food & Staples,Casey's,700,36400,7280,,,,,,,,,,,,,,,,,,,
3/3/2016,South,Multiline,Dollar General,1200,51600,8256,,,,,,,,,,,,,,,,,,,
3/4/2016,West,Food & Staples,Costco,200,16400,2952,,,,,,,,,,,,,,,,,,,
3/4/2016,West,Food & Staples,Costco,1200,69600,13920,,,,,,,,,,,,,,,,,,,
3/4/2016,South,Specialty,Office Depot,200,7600,1596,,,,,,,,,,,,,,,,,,,
3/4/2016,South,Multiline,Dollar General,700,10500,1260,,,,,,,,,,,,,,,,,,,
3/4/2016,West,Multiline,JC Penney,600,28200,4512,,,,,,,,,,,,,,,,,,,
3/4/2016,Mid West,Food & Staples,Target,200,11400,2166,,,,,,,,,,,,,,,,,,,
3/4/2016,South,Multiline,Dollar General,1400,75600,8316,,,,,,,,,,,,,,,,,,,
3/4/2016,South,Multiline,Dollar General,1700,49300,13311,,,,,,,,,,,,,,,,,,,
3/4/2016,North East,Specialty,Staples,1200,34800,6960,,,,,,,,,,,,,,,,,,,
3/5/2016,Mid West,Multiline,Kohl's,700,44800,5376,,,,,,,,,,,,,,,,,,,
3/5/2016,Mid West,Multiline,Kohl's,800,15200,3648,,,,,,,,,,,,,,,,,,,
3/5/2016,West,Food & Staples,Costco,1600,62400,18096,,,,,,,,,,,,,,,,,,,
3/5/2016,South,Specialty,The Home Depot,1000,32000,4160,,,,,,,,,,,,,,,,,,,
3/5/2016,South,Multiline,Family Dollar,1400,82600,12390,,,,,,,,,,,,,,,,,,,
3/6/2016,South,Multiline,Dollar General,1500,57000,11400,,,,,,,,,,,,,,,,,,,
3/7/2016,South,Multiline,Dollar Tree,1600,59200,21904,,,,,,,,,,,,,,,,,,,
3/7/2016,West,Food & Staples,Costco,1700,68000,11560,,,,,,,,,,,,,,,,,,,
3/8/2016,West,Multiline,Nordstrom,1000,67000,24120,,,,,,,,,,,,,,,,,,,
3/9/2016,Mid West,Food & Staples,Target,400,13600,2856,,,,,,,,,,,,,,,,,,,
3/9/2016,Mid West,Food & Staples,Casey's,200,7800,1482,,,,,,,,,,,,,,,,,,,
3/9/2016,South,Food & Staples,Winn-Dixie,1500,25500,3825,,,,,,,,,,,,,,,,,,,
3/9/2016,South,Multiline,Family Dollar,1100,73700,19162,,,,,,,,,,,,,,,,,,,
3/9/2016,West,Multiline,JC Penney,900,36000,12960,,,,,,,,,,,,,,,,,,,
3/10/2016,North East,Specialty,Staples,1400,25200,3528,,,,,,,,,,,,,,,,,,,
3/10/2016,South,Specialty,The Home Depot,900,45900,14688,,,,,,,,,,,,,,,,,,,
3/10/2016,South,Specialty,Office Depot,500,14000,1400,,,,,,,,,,,,,,,,,,,
3/10/2016,South,Food & Staples,Walmart,1600,108800,31552,,,,,,,,,,,,,,,,,,,
3/11/2016,North East,Specialty,Foot Locker,1400,81200,10556,,,,,,,,,,,,,,,,,,,
3/11/2016,Mid West,Multiline,Kohl's,200,16400,4756,,,,,,,,,,,,,,,,,,,
3/12/2016,South,Food & Staples,Walmart,1100,77000,23870,,,,,,,,,,,,,,,,,,,
3/12/2016,North East,Specialty,Staples,700,28700,2870,,,,,,,,,,,,,,,,,,,
3/13/2016,South,Specialty,Office Depot,1800,108000,16200,,,,,,,,,,,,,,,,,,,
3/13/2016,South,Multiline,Family Dollar,600,15600,3120,,,,,,,,,,,,,,,,,,,
3/13/2016,South,Multiline,Family Dollar,1700,18700,5423,,,,,,,,,,,,,,,,,,,
3/13/2016,South,Multiline,Dollar General,1700,73100,16082,,,,,,,,,,,,,,,,,,,
3/13/2016,South,Food & Staples,Winn-Dixie,400,17200,4988,,,,,,,,,,,,,,,,,,,
3/14/2016,North East,Specialty,Staples,300,24900,6474,,,,,,,,,,,,,,,,,,,
3/14/2016,Mid West,Food & Staples,Target,1800,48600,7290,,,,,,,,,,,,,,,,,,,
3/14/2016,South,Food & Staples,Winn-Dixie,900,15300,4437,,,,,,,,,,,,,,,,,,,
3/14/2016,South,Food & Staples,Winn-Dixie,1200,64800,11664,,,,,,,,,,,,,,,,,,,
3/15/2016,South,Food & Staples,Walmart,400,6800,952,,,,,,,,,,,,,,,,,,,
3/15/2016,Mid West,Food & Staples,The Kroger,400,30400,7296,,,,,,,,,,,,,,,,,,,
3/15/2016,West,Food & Staples,Costco,1200,57600,16704,,,,,,,,,,,,,,,,,,,
3/15/2016,South,Multiline,Dollar Tree,600,45600,10944,,,,,,,,,,,,,,,,,,,
3/15/2016,West,Multiline,Nordstrom,200,7400,1850,,,,,,,,,,,,,,,,,,,
3/16/2016,West,Food & Staples,Costco,1600,112000,40320,,,,,,,,,,,,,,,,,,,
3/16/2016,Mid West,Food & Staples,Casey's,1200,88800,11544,,,,,,,,,,,,,,,,,,,
3/16/2016,South,Specialty,Office Depot,1000,36000,3600,,,,,,,,,,,,,,,,,,,
3/17/2016,South,Multiline,Dollar Tree,1000,26000,8060,,,,,,,,,,,,,,,,,,,
3/17/2016,South,Multiline,Dollar Tree,700,27300,7644,,,,,,,,,,,,,,,,,,,
3/18/2016,Mid West,Food & Staples,Target,200,10800,2052,,,,,,,,,,,,,,,,,,,
3/18/2016,South,Multiline,Family Dollar,1100,69300,17325,,,,,,,,,,,,,,,,,,,
3/19/2016,West,Food & Staples,Costco,800,24000,4080,,,,,,,,,,,,,,,,,,,
3/19/2016,South,Multiline,Dollar Tree,500,33500,7370,,,,,,,,,,,,,,,,,,,
3/20/2016,South,Specialty,The Home Depot,1100,77000,25410,,,,,,,,,,,,,,,,,,,
3/20/2016,South,Multiline,Family Dollar,600,29400,2940,,,,,,,,,,,,,,,,,,,
3/21/2016,West,Multiline,Nordstrom,1400,54600,12558,,,,,,,,,,,,,,,,,,,
3/21/2016,West,Food & Staples,Costco,1000,19000,2090,,,,,,,,,,,,,,,,,,,
3/23/2016,South,Specialty,Office Depot,200,12800,3840,,,,,,,,,,,,,,,,,,,
3/23/2016,North East,Specialty,Staples,1500,129000,30960,,,,,,,,,,,,,,,,,,,
3/23/2016,Mid West,Food & Staples,The Kroger,700,32200,10304,,,,,,,,,,,,,,,,,,,
3/23/2016,West,Multiline,JC Penney,1500,33000,5280,,,,,,,,,,,,,,,,,,,
3/23/2016,Mid West,Food & Staples,Casey's,1800,144000,51840,,,,,,,,,,,,,,,,,,,
3/24/2016,South,Food & Staples,Winn-Dixie,1700,103700,15555,,,,,,,,,,,,,,,,,,,
3/24/2016,South,Food & Staples,Winn-Dixie,1000,17000,3060,,,,,,,,,,,,,,,,,,,
3/25/2016,West,Food & Staples,Costco,200,12000,1560,,,,,,,,,,,,,,,,,,,
3/25/2016,Mid West,Food & Staples,Casey's,700,41300,7847,,,,,,,,,,,,,,,,,,,
3/25/2016,South,Specialty,Office Depot,1700,44200,12818,,,,,,,,,,,,,,,,,,,
3/25/2016,South,Food & Staples,Winn-Dixie,1700,78200,24242,,,,,,,,,,,,,,,,,,,
3/26/2016,South,Food & Staples,Walmart,800,14400,2880,,,,,,,,,,,,,,,,,,,
3/26/2016,Mid West,Multiline,Kohl's,1200,15600,5460,,,,,,,,,,,,,,,,,,,
3/26/2016,Mid West,Food & Staples,The Kroger,1800,21600,2376,,,,,,,,,,,,,,,,,,,
3/26/2016,Mid West,Multiline,Kohl's,700,8400,2520,,,,,,,,,,,,,,,,,,,
3/27/2016,South,Multiline,Family Dollar,1400,16800,6048,,,,,,,,,,,,,,,,,,,
3/27/2016,South,Food & Staples,Winn-Dixie,1000,28000,10360,,,,,,,,,,,,,,,,,,,
3/28/2016,South,Specialty,The Home Depot,1700,81600,17136,,,,,,,,,,,,,,,,,,,
3/29/2016,Mid West,Multiline,Kohl's,1700,51000,18870,,,,,,,,,,,,,,,,,,,
3/29/2016,South,Food & Staples,Winn-Dixie,1500,63000,11970,,,,,,,,,,,,,,,,,,,
3/29/2016,North East,Specialty,Foot Locker,1000,70000,18900,,,,,,,,,,,,,,,,,,,
3/29/2016,South,Multiline,Dollar Tree,1600,128000,33280,,,,,,,,,,,,,,,,,,,
3/29/2016,North East,Specialty,Foot Locker,200,8400,2940,,,,,,,,,,,,,,,,,,,
3/29/2016,West,Food & Staples,Costco,800,48800,6832,,,,,,,,,,,,,,,,,,,
3/30/2016,Mid West,Food & Staples,Target,800,59200,11248,,,,,,,,,,,,,,,,,,,
3/30/2016,Mid West,Food & Staples,Casey's,500,40000,14800,,,,,,,,,,,,,,,,,,,
3/31/2016,South,Food & Staples,Walmart,700,57400,14350,,,,,,,,,,,,,,,,,,,
3/31/2016,Mid West,Food & Staples,Target,800,12800,2688,,,,,,,,,,,,,,,,,,,
3/31/2016,Mid West,Multiline,Kohl's,1600,76800,15360,,,,,,,,,,,,,,,,,,,
4/1/2016,South,Food & Staples,Winn-Dixie,200,12200,3904,,,,,,,,,,,,,,,,,,,
4/1/2016,Mid West,Food & Staples,The Kroger,1400,91000,17290,,,,,,,,,,,,,,,,,,,
4/1/2016,West,Food & Staples,Costco,500,20000,5600,,,,,,,,,,,,,,,,,,,
4/2/2016,South,Specialty,Office Depot,1200,25200,6048,,,,,,,,,,,,,,,,,,,
4/2/2016,South,Food & Staples,Winn-Dixie,1700,47600,17136,,,,,,,,,,,,,,,,,,,
4/2/2016,Mid West,Food & Staples,The Kroger,1700,122400,33048,,,,,,,,,,,,,,,,,,,
4/2/2016,South,Food & Staples,Walmart,1300,61100,12831,,,,,,,,,,,,,,,,,,,
4/2/2016,South,Food & Staples,Walmart,1000,78000,10140,,,,,,,,,,,,,,,,,,,
4/2/2016,South,Specialty,Office Depot,600,51600,7740,,,,,,,,,,,,,,,,,,,
4/3/2016,South,Multiline,Dollar General,1400,65800,22372,,,,,,,,,,,,,,,,,,,
4/3/2016,West,Multiline,Nordstrom,600,20400,2040,,,,,,,,,,,,,,,,,,,
4/3/2016,South,Multiline,Family Dollar,800,58400,6424,,,,,,,,,,,,,,,,,,,
4/3/2016,South,Food & Staples,Walmart,1200,85200,30672,,,,,,,,,,,,,,,,,,,
4/4/2016,West,Food & Staples,Costco,1000,51000,13260,,,,,,,,,,,,,,,,,,,
4/4/2016,Mid West,Food & Staples,Target,1600,124800,26208,,,,,,,,,,,,,,,,,,,
4/4/2016,South,Food & Staples,Walmart,1800,145800,40824,,,,,,,,,,,,,,,,,,,
4/5/2016,North East,Specialty,Foot Locker,1200,73200,19764,,,,,,,,,,,,,,,,,,,
4/5/2016,West,Multiline,JC Penney,900,35100,5967,,,,,,,,,,,,,,,,,,,
4/6/2016,South,Food & Staples,Walmart,800,42400,15688,,,,,,,,,,,,,,,,,,,
4/6/2016,South,Food & Staples,Walmart,1600,121600,40128,,,,,,,,,,,,,,,,,,,
4/6/2016,Mid West,Food & Staples,Target,800,54400,11968,,,,,,,,,,,,,,,,,,,
4/7/2016,Mid West,Food & Staples,Target,1700,139400,51578,,,,,,,,,,,,,,,,,,,
4/7/2016,Mid West,Food & Staples,Target,1200,22800,3876,,,,,,,,,,,,,,,,,,,
4/7/2016,South,Specialty,The Home Depot,700,37800,6048,,,,,,,,,,,,,,,,,,,
4/7/2016,South,Specialty,The Home Depot,1000,33000,9240,,,,,,,,,,,,,,,,,,,
4/8/2016,South,Multiline,Family Dollar,1200,102000,26520,,,,,,,,,,,,,,,,,,,
4/8/2016,South,Food & Staples,Winn-Dixie,200,14600,2482,,,,,,,,,,,,,,,,,,,
4/8/2016,West,Multiline,Nordstrom,500,22500,2475,,,,,,,,,,,,,,,,,,,
4/9/2016,Mid West,Food & Staples,The Kroger,900,55800,8928,,,,,,,,,,,,,,,,,,,
4/9/2016,South,Food & Staples,Walmart,1300,74100,20748,,,,,,,,,,,,,,,,,,,
4/10/2016,South,Food & Staples,Walmart,800,40000,4800,,,,,,,,,,,,,,,,,,,
4/10/2016,South,Multiline,Dollar General,600,12000,4320,,,,,,,,,,,,,,,,,,,
4/10/2016,Mid West,Food & Staples,The Kroger,1100,31900,4785,,,,,,,,,,,,,,,,,,,
4/10/2016,West,Food & Staples,Costco,1000,74000,24420,,,,,,,,,,,,,,,,,,,
4/10/2016,South,Specialty,The Home Depot,1800,126000,17640,,,,,,,,,,,,,,,,,,,
4/11/2016,South,Specialty,The Home Depot,900,55800,17856,,,,,,,,,,,,,,,,,,,
4/11/2016,South,Food & Staples,Winn-Dixie,1700,52700,7378,,,,,,,,,,,,,,,,,,,
4/11/2016,South,Food & Staples,Walmart,1000,76000,8360,,,,,,,,,,,,,,,,,,,
4/11/2016,South,Multiline,Family Dollar,400,17200,3096,,,,,,,,,,,,,,,,,,,
4/11/2016,North East,Specialty,Foot Locker,1700,96900,21318,,,,,,,,,,,,,,,,,,,
4/12/2016,South,Food & Staples,Walmart,1500,73500,20580,,,,,,,,,,,,,,,,,,,
4/12/2016,West,Food & Staples,Costco,600,49800,6474,,,,,,,,,,,,,,,,,,,
4/12/2016,West,Food & Staples,Costco,1400,46200,15246,,,,,,,,,,,,,,,,,,,
4/12/2016,Mid West,Multiline,Kohl's,1400,28000,2800,,,,,,,,,,,,,,,,,,,
4/12/2016,South,Multiline,Family Dollar,1300,62400,18720,,,,,,,,,,,,,,,,,,,
4/13/2016,West,Food & Staples,Costco,1200,58800,9996,,,,,,,,,,,,,,,,,,,
4/13/2016,West,Multiline,Nordstrom,200,11200,1344,,,,,,,,,,,,,,,,,,,
4/13/2016,South,Multiline,Family Dollar,500,16500,4785,,,,,,,,,,,,,,,,,,,
4/13/2016,South,Food & Staples,Winn-Dixie,800,64000,15360,,,,,,,,,,,,,,,,,,,
4/13/2016,South,Specialty,Office Depot,1800,118800,35640,,,,,,,,,,,,,,,,,,,
4/14/2016,South,Specialty,Office Depot,400,18000,6660,,,,,,,,,,,,,,,,,,,
4/14/2016,West,Food & Staples,Costco,1800,25200,5544,,,,,,,,,,,,,,,,,,,
4/14/2016,West,Multiline,Nordstrom,800,30400,3040,,,,,,,,,,,,,,,,,,,
4/16/2016,South,Multiline,Family Dollar,600,43200,7344,,,,,,,,,,,,,,,,,,,
4/16/2016,Mid West,Food & Staples,Target,1000,47000,6110,,,,,,,,,,,,,,,,,,,
4/16/2016,Mid West,Food & Staples,Casey's,1500,127500,24225,,,,,,,,,,,,,,,,,,,
4/16/2016,South,Specialty,The Home Depot,1800,48600,5346,,,,,,,,,,,,,,,,,,,
4/16/2016,West,Food & Staples,Costco,600,43800,8322,,,,,,,,,,,,,,,,,,,
4/16/2016,West,Food & Staples,Costco,1200,51600,15480,,,,,,,,,,,,,,,,,,,
4/16/2016,Mid West,Food & Staples,Casey's,1100,85800,12870,,,,,,,,,,,,,,,,,,,
4/16/2016,South,Multiline,Dollar Tree,400,30000,3300,,,,,,,,,,,,,,,,,,,
4/17/2016,West,Food & Staples,Costco,1100,41800,10032,,,,,,,,,,,,,,,,,,,
4/17/2016,South,Multiline,Dollar General,1600,108800,36992,,,,,,,,,,,,,,,,,,,
4/17/2016,South,Food & Staples,Walmart,1800,34200,6840,,,,,,,,,,,,,,,,,,,
4/18/2016,South,Food & Staples,Winn-Dixie,800,69600,23664,,,,,,,,,,,,,,,,,,,
4/18/2016,South,Food & Staples,Walmart,1100,69300,15939,,,,,,,,,,,,,,,,,,,
4/19/2016,South,Food & Staples,Walmart,1000,14000,1820,,,,,,,,,,,,,,,,,,,
4/20/2016,South,Specialty,The Home Depot,500,39000,4290,,,,,,,,,,,,,,,,,,,
4/20/2016,South,Multiline,Family Dollar,1100,67100,23485,,,,,,,,,,,,,,,,,,,
4/20/2016,South,Specialty,The Home Depot,1400,119000,41650,,,,,,,,,,,,,,,,,,,
4/21/2016,South,Food & Staples,Winn-Dixie,1400,49000,8330,,,,,,,,,,,,,,,,,,,
4/21/2016,South,Multiline,Dollar General,1200,92400,14784,,,,,,,,,,,,,,,,,,,
4/21/2016,West,Food & Staples,Costco,1800,57600,14976,,,,,,,,,,,,,,,,,,,
4/21/2016,West,Multiline,Nordstrom,1200,52800,7392,,,,,,,,,,,,,,,,,,,
4/21/2016,North East,Specialty,Staples,1700,90100,11713,,,,,,,,,,,,,,,,,,,
4/22/2016,West,Food & Staples,Costco,1600,86400,8640,,,,,,,,,,,,,,,,,,,
4/22/2016,Mid West,Food & Staples,Target,1000,22000,5500,,,,,,,,,,,,,,,,,,,
4/22/2016,Mid West,Multiline,Kohl's,1800,127800,16614,,,,,,,,,,,,,,,,,,,
4/23/2016,South,Specialty,Office Depot,500,16500,4620,,,,,,,,,,,,,,,,,,,
4/23/2016,West,Food & Staples,Costco,800,10400,3848,,,,,,,,,,,,,,,,,,,
4/23/2016,West,Multiline,JC Penney,1400,35000,8050,,,,,,,,,,,,,,,,,,,
4/23/2016,South,Specialty,Office Depot,600,34200,10602,,,,,,,,,,,,,,,,,,,
4/25/2016,West,Food & Staples,Costco,1800,140400,44928,,,,,,,,,,,,,,,,,,,
4/25/2016,West,Food & Staples,Costco,1300,104000,35360,,,,,,,,,,,,,,,,,,,
4/25/2016,South,Multiline,Dollar Tree,500,15000,4350,,,,,,,,,,,,,,,,,,,
4/26/2016,West,Food & Staples,Costco,1300,26000,9100,,,,,,,,,,,,,,,,,,,
4/26/2016,West,Multiline,JC Penney,200,3200,320,,,,,,,,,,,,,,,,,,,
4/26/2016,South,Food & Staples,Winn-Dixie,1200,51600,17544,,,,,,,,,,,,,,,,,,,
4/27/2016,North East,Specialty,Foot Locker,1400,36400,11648,,,,,,,,,,,,,,,,,,,
4/27/2016,South,Multiline,Dollar Tree,1600,60800,14592,,,,,,,,,,,,,,,,,,,
4/27/2016,West,Multiline,JC Penney,600,37200,5208,,,,,,,,,,,,,,,,,,,
4/27/2016,North East,Specialty,Staples,300,10800,1836,,,,,,,,,,,,,,,,,,,
4/28/2016,West,Multiline,JC Penney,1100,36300,7623,,,,,,,,,,,,,,,,,,,
4/28/2016,South,Specialty,The Home Depot,800,18400,4968,,,,,,,,,,,,,,,,,,,
4/28/2016,South,Specialty,The Home Depot,1800,77400,18576,,,,,,,,,,,,,,,,,,,
4/29/2016,West,Food & Staples,Costco,700,37100,13727,,,,,,,,,,,,,,,,,,,
4/29/2016,South,Specialty,The Home Depot,600,28200,5922,,,,,,,,,,,,,,,,,,,
4/30/2016,North East,Specialty,Staples,400,12000,2520,,,,,,,,,,,,,,,,,,,
5/1/2016,South,Multiline,Dollar General,1500,46500,6045,,,,,,,,,,,,,,,,,,,
5/1/2016,Mid West,Multiline,Kohl's,1100,91300,25564,,,,,,,,,,,,,,,,,,,
5/1/2016,West,Food & Staples,Costco,1400,91000,13650,,,,,,,,,,,,,,,,,,,
5/1/2016,South,Multiline,Dollar Tree,1600,137600,17888,,,,,,,,,,,,,,,,,,,
5/1/2016,West,Multiline,Nordstrom,1600,131200,30176,,,,,,,,,,,,,,,,,,,
5/2/2016,South,Specialty,The Home Depot,600,19200,3072,,,,,,,,,,,,,,,,,,,
5/3/2016,Mid West,Food & Staples,The Kroger,1400,116200,22078,,,,,,,,,,,,,,,,,,,
5/3/2016,West,Multiline,JC Penney,800,34400,3440,,,,,,,,,,,,,,,,,,,
5/4/2016,Mid West,Food & Staples,The Kroger,900,53100,14868,,,,,,,,,,,,,,,,,,,
5/4/2016,North East,Specialty,Staples,1500,106500,34080,,,,,,,,,,,,,,,,,,,
5/4/2016,South,Multiline,Dollar Tree,800,15200,1824,,,,,,,,,,,,,,,,,,,
5/4/2016,Mid West,Multiline,Kohl's,1100,57200,12012,,,,,,,,,,,,,,,,,,,
5/4/2016,Mid West,Food & Staples,The Kroger,1000,87000,17400,,,,,,,,,,,,,,,,,,,
5/4/2016,Mid West,Food & Staples,The Kroger,300,5400,1026,,,,,,,,,,,,,,,,,,,
5/5/2016,North East,Specialty,Staples,800,61600,16016,,,,,,,,,,,,,,,,,,,
5/5/2016,South,Specialty,The Home Depot,500,20500,4715,,,,,,,,,,,,,,,,,,,
5/5/2016,West,Food & Staples,Costco,800,31200,3120,,,,,,,,,,,,,,,,,,,
5/5/2016,North East,Specialty,Foot Locker,1100,35200,10912,,,,,,,,,,,,,,,,,,,
5/5/2016,Mid West,Food & Staples,Casey's,600,30600,8568,,,,,,,,,,,,,,,,,,,
5/6/2016,Mid West,Food & Staples,Casey's,1500,84000,21840,,,,,,,,,,,,,,,,,,,
5/6/2016,North East,Specialty,Foot Locker,500,20000,7200,,,,,,,,,,,,,,,,,,,
5/7/2016,South,Specialty,The Home Depot,900,51300,7695,,,,,,,,,,,,,,,,,,,
5/7/2016,Mid West,Food & Staples,Casey's,300,11700,1521,,,,,,,,,,,,,,,,,,,
5/7/2016,West,Food & Staples,Costco,1300,52000,10400,,,,,,,,,,,,,,,,,,,
5/8/2016,Mid West,Food & Staples,Casey's,500,9000,1620,,,,,,,,,,,,,,,,,,,
5/9/2016,Mid West,Multiline,Kohl's,200,6000,1800,,,,,,,,,,,,,,,,,,,
5/9/2016,South,Food & Staples,Winn-Dixie,500,18500,6660,,,,,,,,,,,,,,,,,,,
5/10/2016,South,Food & Staples,Winn-Dixie,400,10400,3328,,,,,,,,,,,,,,,,,,,
5/10/2016,South,Multiline,Dollar Tree,1200,49200,9840,,,,,,,,,,,,,,,,,,,
5/10/2016,Mid West,Multiline,Kohl's,500,10000,3100,,,,,,,,,,,,,,,,,,,
5/10/2016,North East,Specialty,Foot Locker,500,41000,9840,,,,,,,,,,,,,,,,,,,
5/10/2016,Mid West,Food & Staples,Target,600,14400,2592,,,,,,,,,,,,,,,,,,,
5/11/2016,South,Food & Staples,Walmart,1400,47600,9996,,,,,,,,,,,,,,,,,,,
5/11/2016,West,Food & Staples,Costco,200,8800,1584,,,,,,,,,,,,,,,,,,,
5/11/2016,West,Food & Staples,Costco,1800,145800,37908,,,,,,,,,,,,,,,,,,,
5/11/2016,South,Specialty,The Home Depot,1500,88500,21240,,,,,,,,,,,,,,,,,,,
5/11/2016,South,Food & Staples,Walmart,1400,57400,13202,,,,,,,,,,,,,,,,,,,
5/12/2016,North East,Specialty,Staples,1000,49000,12250,,,,,,,,,,,,,,,,,,,
5/14/2016,South,Specialty,The Home Depot,1600,78400,21952,,,,,,,,,,,,,,,,,,,
5/14/2016,South,Specialty,Office Depot,1800,68400,11628,,,,,,,,,,,,,,,,,,,
5/14/2016,South,Multiline,Dollar Tree,800,60800,16416,,,,,,,,,,,,,,,,,,,
5/14/2016,North East,Specialty,Staples,1600,116800,14016,,,,,,,,,,,,,,,,,,,
5/15/2016,North East,Specialty,Staples,500,32500,11700,,,,,,,,,,,,,,,,,,,
5/15/2016,Mid West,Food & Staples,The Kroger,1400,28000,9240,,,,,,,,,,,,,,,,,,,
5/16/2016,West,Multiline,Nordstrom,500,13500,2160,,,,,,,,,,,,,,,,,,,
5/16/2016,South,Specialty,The Home Depot,1700,81600,30192,,,,,,,,,,,,,,,,,,,
5/16/2016,South,Specialty,Office Depot,1600,136000,31280,,,,,,,,,,,,,,,,,,,
5/16/2016,Mid West,Food & Staples,Casey's,1300,57200,6292,,,,,,,,,,,,,,,,,,,
5/16/2016,West,Food & Staples,Costco,1300,85800,30030,,,,,,,,,,,,,,,,,,,
5/17/2016,South,Food & Staples,Walmart,900,21600,2808,,,,,,,,,,,,,,,,,,,
5/17/2016,South,Specialty,The Home Depot,1100,33000,7590,,,,,,,,,,,,,,,,,,,
5/17/2016,West,Food & Staples,Costco,1300,98800,34580,,,,,,,,,,,,,,,,,,,
5/17/2016,West,Food & Staples,Costco,300,21600,3024,,,,,,,,,,,,,,,,,,,
5/18/2016,West,Multiline,Nordstrom,1300,50700,7605,,,,,,,,,,,,,,,,,,,
5/18/2016,South,Multiline,Family Dollar,600,40200,10050,,,,,,,,,,,,,,,,,,,
5/18/2016,South,Specialty,Office Depot,1000,36000,6120,,,,,,,,,,,,,,,,,,,
5/19/2016,North East,Specialty,Foot Locker,1100,63800,14674,,,,,,,,,,,,,,,,,,,
5/21/2016,South,Food & Staples,Winn-Dixie,400,23600,5900,,,,,,,,,,,,,,,,,,,
5/21/2016,West,Food & Staples,Costco,500,26000,8320,,,,,,,,,,,,,,,,,,,
5/21/2016,Mid West,Food & Staples,The Kroger,300,11400,4104,,,,,,,,,,,,,,,,,,,
5/21/2016,Mid West,Multiline,Kohl's,1200,66000,6600,,,,,,,,,,,,,,,,,,,
5/21/2016,Mid West,Multiline,Kohl's,1100,49500,15345,,,,,,,,,,,,,,,,,,,
5/22/2016,South,Specialty,The Home Depot,1300,76700,24544,,,,,,,,,,,,,,,,,,,
5/22/2016,South,Multiline,Dollar General,1300,37700,8294,,,,,,,,,,,,,,,,,,,
5/22/2016,Mid West,Multiline,Kohl's,1600,59200,13616,,,,,,,,,,,,,,,,,,,
5/23/2016,South,Specialty,The Home Depot,1800,45000,14850,,,,,,,,,,,,,,,,,,,
5/23/2016,Mid West,Food & Staples,Casey's,1300,33800,9464,,,,,,,,,,,,,,,,,,,
5/24/2016,Mid West,Food & Staples,Target,800,21600,2808,,,,,,,,,,,,,,,,,,,
5/24/2016,Mid West,Food & Staples,Target,1100,69300,18711,,,,,,,,,,,,,,,,,,,
5/25/2016,North East,Specialty,Staples,600,35400,6726,,,,,,,,,,,,,,,,,,,
5/25/2016,South,Food & Staples,Winn-Dixie,1400,18200,5278,,,,,,,,,,,,,,,,,,,
5/25/2016,Mid West,Food & Staples,Casey's,1000,25000,8750,,,,,,,,,,,,,,,,,,,
5/26/2016,Mid West,Food & Staples,The Kroger,1600,56000,11760,,,,,,,,,,,,,,,,,,,
5/26/2016,South,Food & Staples,Winn-Dixie,600,38400,12672,,,,,,,,,,,,,,,,,,,
5/26/2016,Mid West,Food & Staples,The Kroger,400,15200,5624,,,,,,,,,,,,,,,,,,,
5/26/2016,South,Multiline,Dollar Tree,1200,26400,5280,,,,,,,,,,,,,,,,,,,
5/26/2016,Mid West,Food & Staples,The Kroger,1000,55000,7700,,,,,,,,,,,,,,,,,,,
5/26/2016,South,Food & Staples,Walmart,1300,58500,12870,,,,,,,,,,,,,,,,,,,
5/26/2016,South,Food & Staples,Winn-Dixie,900,74700,14940,,,,,,,,,,,,,,,,,,,
5/27/2016,North East,Specialty,Foot Locker,200,17000,2720,,,,,,,,,,,,,,,,,,,
5/27/2016,South,Multiline,Dollar Tree,500,19500,3900,,,,,,,,,,,,,,,,,,,
5/28/2016,South,Specialty,The Home Depot,600,36600,10248,,,,,,,,,,,,,,,,,,,
5/28/2016,West,Multiline,Nordstrom,1200,81600,13056,,,,,,,,,,,,,,,,,,,
5/28/2016,West,Food & Staples,Costco,1400,113400,18144,,,,,,,,,,,,,,,,,,,
5/28/2016,South,Specialty,Office Depot,900,25200,8316,,,,,,,,,,,,,,,,,,,
5/28/2016,North East,Specialty,Staples,1800,117000,25740,,,,,,,,,,,,,,,,,,,
5/29/2016,North East,Specialty,Foot Locker,1600,33600,4368,,,,,,,,,,,,,,,,,,,
5/29/2016,South,Food & Staples,Walmart,600,39000,8580,,,,,,,,,,,,,,,,,,,
5/29/2016,Mid West,Multiline,Kohl's,900,34200,5472,,,,,,,,,,,,,,,,,,,
5/30/2016,South,Multiline,Dollar General,1000,31000,4650,,,,,,,,,,,,,,,,,,,
5/30/2016,South,Food & Staples,Walmart,1800,102600,28728,,,,,,,,,,,,,,,,,,,
5/30/2016,South,Specialty,The Home Depot,900,33300,10989,,,,,,,,,,,,,,,,,,,
5/31/2016,Mid West,Food & Staples,The Kroger,900,41400,12420,,,,,,,,,,,,,,,,,,,
5/31/2016,South,Specialty,Office Depot,300,11700,3627,,,,,,,,,,,,,,,,,,,
6/1/2016,South,Multiline,Dollar General,1300,59800,20930,,,,,,,,,,,,,,,,,,,
6/2/2016,South,Multiline,Dollar Tree,1400,121800,29232,,,,,,,,,,,,,,,,,,,
6/3/2016,West,Food & Staples,Costco,700,58800,13524,,,,,,,,,,,,,,,,,,,
6/3/2016,West,Food & Staples,Costco,1300,54600,12558,,,,,,,,,,,,,,,,,,,
6/3/2016,South,Multiline,Family Dollar,1000,15000,3150,,,,,,,,,,,,,,,,,,,
6/3/2016,North East,Specialty,Staples,1300,63700,8918,,,,,,,,,,,,,,,,,,,
6/3/2016,South,Food & Staples,Winn-Dixie,800,17600,3872,,,,,,,,,,,,,,,,,,,
6/4/2016,South,Specialty,The Home Depot,500,38000,9500,,,,,,,,,,,,,,,,,,,
6/4/2016,South,Multiline,Family Dollar,500,21500,3655,,,,,,,,,,,,,,,,,,,
6/5/2016,Mid West,Multiline,Kohl's,1400,81200,26796,,,,,,,,,,,,,,,,,,,
6/5/2016,South,Multiline,Dollar General,1300,22100,6630,,,,,,,,,,,,,,,,,,,
6/5/2016,South,Food & Staples,Walmart,500,41500,9545,,,,,,,,,,,,,,,,,,,
6/5/2016,West,Food & Staples,Costco,1500,61500,17835,,,,,,,,,,,,,,,,,,,
6/5/2016,West,Multiline,JC Penney,1100,39600,14652,,,,,,,,,,,,,,,,,,,
6/6/2016,West,Food & Staples,Costco,1000,24000,6000,,,,,,,,,,,,,,,,,,,
6/6/2016,North East,Specialty,Foot Locker,400,11200,2912,,,,,,,,,,,,,,,,,,,
6/6/2016,Mid West,Food & Staples,Casey's,1600,100800,34272,,,,,,,,,,,,,,,,,,,
6/6/2016,South,Specialty,The Home Depot,500,37000,9250,,,,,,,,,,,,,,,,,,,
6/7/2016,Mid West,Food & Staples,Casey's,600,35400,6372,,,,,,,,,,,,,,,,,,,
6/7/2016,West,Food & Staples,Costco,500,21000,3360,,,,,,,,,,,,,,,,,,,
6/7/2016,South,Food & Staples,Walmart,500,39000,8970,,,,,,,,,,,,,,,,,,,
6/7/2016,North East,Specialty,Staples,1000,77000,26180,,,,,,,,,,,,,,,,,,,
6/7/2016,South,Multiline,Dollar Tree,200,10600,3180,,,,,,,,,,,,,,,,,,,
6/7/2016,South,Multiline,Family Dollar,500,36000,7200,,,,,,,,,,,,,,,,,,,
6/8/2016,South,Food & Staples,Winn-Dixie,600,31200,9672,,,,,,,,,,,,,,,,,,,
6/8/2016,Mid West,Food & Staples,Casey's,1600,108800,16320,,,,,,,,,,,,,,,,,,,
6/8/2016,Mid West,Food & Staples,The Kroger,1200,30000,3000,,,,,,,,,,,,,,,,,,,
6/8/2016,South,Food & Staples,Winn-Dixie,1800,129600,32400,,,,,,,,,,,,,,,,,,,
6/9/2016,West,Multiline,Nordstrom,400,12800,1280,,,,,,,,,,,,,,,,,,,
6/10/2016,West,Food & Staples,Costco,1800,50400,14112,,,,,,,,,,,,,,,,,,,
6/10/2016,Mid West,Food & Staples,Casey's,1400,60200,20468,,,,,,,,,,,,,,,,,,,
6/11/2016,Mid West,Food & Staples,The Kroger,200,11000,1430,,,,,,,,,,,,,,,,,,,
6/11/2016,South,Multiline,Family Dollar,700,50400,17136,,,,,,,,,,,,,,,,,,,
6/12/2016,South,Specialty,The Home Depot,1500,69000,24840,,,,,,,,,,,,,,,,,,,
6/12/2016,Mid West,Food & Staples,Target,1700,22100,3315,,,,,,,,,,,,,,,,,,,
6/12/2016,Mid West,Food & Staples,Target,1600,137600,50912,,,,,,,,,,,,,,,,,,,
6/12/2016,West,Food & Staples,Costco,1800,111600,23436,,,,,,,,,,,,,,,,,,,
6/13/2016,West,Multiline,JC Penney,200,11800,4012,,,,,,,,,,,,,,,,,,,
6/13/2016,North East,Specialty,Staples,1600,59200,20720,,,,,,,,,,,,,,,,,,,
6/13/2016,Mid West,Food & Staples,Target,200,3400,1190,,,,,,,,,,,,,,,,,,,
6/13/2016,South,Food & Staples,Walmart,300,4500,990,,,,,,,,,,,,,,,,,,,
6/14/2016,South,Multiline,Family Dollar,1000,67000,24120,,,,,,,,,,,,,,,,,,,
6/15/2016,Mid West,Multiline,Kohl's,1700,39100,6647,,,,,,,,,,,,,,,,,,,
6/15/2016,West,Multiline,JC Penney,800,48000,6720,,,,,,,,,,,,,,,,,,,
6/15/2016,Mid West,Food & Staples,The Kroger,1800,73800,11808,,,,,,,,,,,,,,,,,,,
6/16/2016,West,Multiline,JC Penney,500,21000,7770,,,,,,,,,,,,,,,,,,,
6/16/2016,South,Specialty,The Home Depot,1100,36300,3993,,,,,,,,,,,,,,,,,,,
6/16/2016,South,Multiline,Dollar Tree,1800,48600,17010,,,,,,,,,,,,,,,,,,,
6/16/2016,West,Food & Staples,Costco,1500,37500,13125,,,,,,,,,,,,,,,,,,,
6/17/2016,Mid West,Multiline,Kohl's,1700,68000,20400,,,,,,,,,,,,,,,,,,,
6/17/2016,North East,Specialty,Foot Locker,600,36600,4026,,,,,,,,,,,,,,,,,,,
6/17/2016,South,Specialty,Office Depot,1600,84800,18656,,,,,,,,,,,,,,,,,,,
6/19/2016,West,Food & Staples,Costco,300,18300,2379,,,,,,,,,,,,,,,,,,,
6/20/2016,Mid West,Food & Staples,The Kroger,400,24000,5520,,,,,,,,,,,,,,,,,,,
6/20/2016,North East,Specialty,Foot Locker,700,53900,16709,,,,,,,,,,,,,,,,,,,
6/20/2016,South,Food & Staples,Winn-Dixie,800,56800,20448,,,,,,,,,,,,,,,,,,,
6/21/2016,South,Multiline,Dollar General,400,6800,1700,,,,,,,,,,,,,,,,,,,
6/21/2016,Mid West,Food & Staples,Target,400,8800,1144,,,,,,,,,,,,,,,,,,,
6/21/2016,South,Food & Staples,Winn-Dixie,400,30000,6000,,,,,,,,,,,,,,,,,,,
6/21/2016,West,Food & Staples,Costco,200,17000,1700,,,,,,,,,,,,,,,,,,,
6/21/2016,South,Food & Staples,Winn-Dixie,1800,64800,14904,,,,,,,,,,,,,,,,,,,
6/22/2016,West,Food & Staples,Costco,1800,131400,35478,,,,,,,,,,,,,,,,,,,
6/22/2016,South,Multiline,Dollar Tree,1800,88200,20286,,,,,,,,,,,,,,,,,,,
6/23/2016,Mid West,Food & Staples,Casey's,1300,46800,8892,,,,,,,,,,,,,,,,,,,
6/23/2016,North East,Specialty,Staples,300,9600,2784,,,,,,,,,,,,,,,,,,,
6/23/2016,West,Multiline,JC Penney,700,10500,3570,,,,,,,,,,,,,,,,,,,
6/23/2016,Mid West,Food & Staples,Target,300,24300,8991,,,,,,,,,,,,,,,,,,,
6/25/2016,South,Specialty,The Home Depot,600,29400,3528,,,,,,,,,,,,,,,,,,,
6/25/2016,South,Specialty,The Home Depot,1600,116800,22192,,,,,,,,,,,,,,,,,,,
6/26/2016,West,Multiline,Nordstrom,1000,20000,3000,,,,,,,,,,,,,,,,,,,
6/26/2016,North East,Specialty,Foot Locker,1500,55500,13320,,,,,,,,,,,,,,,,,,,
6/26/2016,West,Multiline,JC Penney,500,34000,6120,,,,,,,,,,,,,,,,,,,
6/26/2016,South,Food & Staples,Walmart,700,37800,6426,,,,,,,,,,,,,,,,,,,
6/27/2016,North East,Specialty,Staples,600,7200,1800,,,,,,,,,,,,,,,,,,,
6/27/2016,Mid West,Multiline,Kohl's,200,12200,4148,,,,,,,,,,,,,,,,,,,
6/28/2016,Mid West,Food & Staples,Target,600,42600,11076,,,,,,,,,,,,,,,,,,,
6/28/2016,West,Food & Staples,Costco,1200,103200,15480,,,,,,,,,,,,,,,,,,,
6/28/2016,Mid West,Food & Staples,Casey's,1600,52800,11088,,,,,,,,,,,,,,,,,,,
6/28/2016,South,Multiline,Family Dollar,1000,65000,15600,,,,,,,,,,,,,,,,,,,
6/28/2016,South,Multiline,Dollar General,1300,52000,16640,,,,,,,,,,,,,,,,,,,
6/30/2016,West,Food & Staples,Costco,1200,80400,27336,,,,,,,,,,,,,,,,,,,
6/30/2016,Mid West,Food & Staples,The Kroger,1000,84000,8400,,,,,,,,,,,,,,,,,,,
6/30/2016,Mid West,Food & Staples,Casey's,900,76500,19890,,,,,,,,,,,,,,,,,,,
7/1/2016,North East,Specialty,Foot Locker,800,20000,2600,,,,,,,,,,,,,,,,,,,
7/1/2016,South,Food & Staples,Walmart,1800,126000,12600,,,,,,,,,,,,,,,,,,,
7/2/2016,Mid West,Food & Staples,The Kroger,1200,18000,3780,,,,,,,,,,,,,,,,,,,
7/3/2016,South,Multiline,Family Dollar,1300,33800,10140,,,,,,,,,,,,,,,,,,,
7/3/2016,West,Multiline,JC Penney,1000,46000,5520,,,,,,,,,,,,,,,,,,,
7/3/2016,West,Food & Staples,Costco,1500,75000,24750,,,,,,,,,,,,,,,,,,,
7/3/2016,South,Specialty,Office Depot,300,13200,1452,,,,,,,,,,,,,,,,,,,
7/3/2016,South,Multiline,Dollar General,1500,39000,7800,,,,,,,,,,,,,,,,,,,
7/3/2016,South,Food & Staples,Winn-Dixie,900,45900,16065,,,,,,,,,,,,,,,,,,,
7/3/2016,South,Specialty,Office Depot,1500,108000,39960,,,,,,,,,,,,,,,,,,,
7/4/2016,South,Specialty,Office Depot,1600,129600,44064,,,,,,,,,,,,,,,,,,,
7/4/2016,South,Multiline,Family Dollar,500,15000,3000,,,,,,,,,,,,,,,,,,,
7/5/2016,West,Multiline,Nordstrom,1100,18700,5610,,,,,,,,,,,,,,,,,,,
7/5/2016,West,Food & Staples,Costco,400,8400,1176,,,,,,,,,,,,,,,,,,,
7/5/2016,West,Food & Staples,Costco,1500,73500,19110,,,,,,,,,,,,,,,,,,,
7/6/2016,South,Specialty,The Home Depot,700,56000,8960,,,,,,,,,,,,,,,,,,,
7/6/2016,Mid West,Food & Staples,Casey's,1600,128000,35840,,,,,,,,,,,,,,,,,,,
7/7/2016,Mid West,Food & Staples,Target,1400,29400,7938,,,,,,,,,,,,,,,,,,,
7/8/2016,South,Food & Staples,Walmart,600,52200,16704,,,,,,,,,,,,,,,,,,,
7/9/2016,South,Specialty,The Home Depot,1100,66000,10560,,,,,,,,,,,,,,,,,,,
7/10/2016,South,Specialty,Office Depot,600,44400,7992,,,,,,,,,,,,,,,,,,,
7/11/2016,Mid West,Food & Staples,The Kroger,200,14400,4320,,,,,,,,,,,,,,,,,,,
7/12/2016,South,Multiline,Dollar General,700,24500,5145,,,,,,,,,,,,,,,,,,,
7/13/2016,West,Multiline,JC Penney,1500,52500,16275,,,,,,,,,,,,,,,,,,,
7/13/2016,West,Food & Staples,Costco,1800,77400,13158,,,,,,,,,,,,,,,,,,,
7/13/2016,West,Multiline,Nordstrom,1800,118800,21384,,,,,,,,,,,,,,,,,,,
7/13/2016,South,Food & Staples,Winn-Dixie,1600,128000,19200,,,,,,,,,,,,,,,,,,,
7/14/2016,West,Food & Staples,Costco,1700,110500,18785,,,,,,,,,,,,,,,,,,,
7/14/2016,South,Food & Staples,Winn-Dixie,900,46800,6084,,,,,,,,,,,,,,,,,,,
7/14/2016,West,Multiline,Nordstrom,1200,30000,6600,,,,,,,,,,,,,,,,,,,
7/15/2016,South,Food & Staples,Winn-Dixie,1600,113600,22720,,,,,,,,,,,,,,,,,,,
7/15/2016,West,Multiline,JC Penney,500,19500,2925,,,,,,,,,,,,,,,,,,,
7/16/2016,Mid West,Food & Staples,The Kroger,1500,42000,14280,,,,,,,,,,,,,,,,,,,
7/16/2016,West,Food & Staples,Costco,1300,109200,14196,,,,,,,,,,,,,,,,,,,
7/16/2016,Mid West,Food & Staples,Target,400,34000,5100,,,,,,,,,,,,,,,,,,,
7/17/2016,West,Multiline,JC Penney,400,12800,3200,,,,,,,,,,,,,,,,,,,
7/17/2016,South,Multiline,Dollar General,500,22000,4400,,,,,,,,,,,,,,,,,,,
7/17/2016,South,Specialty,The Home Depot,300,6300,1953,,,,,,,,,,,,,,,,,,,
7/18/2016,West,Food & Staples,Costco,1800,72000,19440,,,,,,,,,,,,,,,,,,,
7/19/2016,West,Food & Staples,Costco,1000,58000,16820,,,,,,,,,,,,,,,,,,,
7/20/2016,South,Multiline,Family Dollar,500,11000,1320,,,,,,,,,,,,,,,,,,,
7/21/2016,Mid West,Food & Staples,Target,1600,89600,20608,,,,,,,,,,,,,,,,,,,
7/21/2016,South,Multiline,Dollar Tree,1300,18200,6006,,,,,,,,,,,,,,,,,,,
7/21/2016,West,Food & Staples,Costco,200,15400,2618,,,,,,,,,,,,,,,,,,,
7/22/2016,Mid West,Food & Staples,Casey's,600,48600,5832,,,,,,,,,,,,,,,,,,,
7/22/2016,South,Multiline,Dollar Tree,1800,45000,5850,,,,,,,,,,,,,,,,,,,
7/22/2016,West,Food & Staples,Costco,400,29200,10220,,,,,,,,,,,,,,,,,,,
7/23/2016,South,Specialty,The Home Depot,700,22400,3360,,,,,,,,,,,,,,,,,,,
7/23/2016,West,Food & Staples,Costco,300,16500,4290,,,,,,,,,,,,,,,,,,,
7/23/2016,West,Multiline,Nordstrom,900,19800,3762,,,,,,,,,,,,,,,,,,,
7/23/2016,South,Food & Staples,Winn-Dixie,1600,38400,11136,,,,,,,,,,,,,,,,,,,
7/23/2016,South,Multiline,Dollar Tree,1700,125800,28934,,,,,,,,,,,,,,,,,,,
7/23/2016,West,Food & Staples,Costco,700,28700,9471,,,,,,,,,,,,,,,,,,,
7/23/2016,South,Multiline,Dollar Tree,1300,35100,11232,,,,,,,,,,,,,,,,,,,
7/23/2016,South,Multiline,Dollar Tree,1800,93600,25272,,,,,,,,,,,,,,,,,,,
7/23/2016,South,Multiline,Dollar General,700,9800,2352,,,,,,,,,,,,,,,,,,,
7/24/2016,South,Food & Staples,Winn-Dixie,1400,78400,22736,,,,,,,,,,,,,,,,,,,
7/24/2016,South,Multiline,Family Dollar,800,19200,4416,,,,,,,,,,,,,,,,,,,
7/24/2016,West,Multiline,JC Penney,900,49500,12375,,,,,,,,,,,,,,,,,,,
7/24/2016,South,Specialty,Office Depot,1800,131400,14454,,,,,,,,,,,,,,,,,,,
7/24/2016,Mid West,Food & Staples,The Kroger,200,14600,4672,,,,,,,,,,,,,,,,,,,
7/25/2016,South,Food & Staples,Winn-Dixie,1700,124100,14892,,,,,,,,,,,,,,,,,,,
7/25/2016,West,Multiline,JC Penney,1700,112200,38148,,,,,,,,,,,,,,,,,,,
7/25/2016,South,Specialty,The Home Depot,900,13500,2835,,,,,,,,,,,,,,,,,,,
7/27/2016,North East,Specialty,Staples,900,19800,6336,,,,,,,,,,,,,,,,,,,
7/27/2016,South,Multiline,Dollar General,1200,69600,24360,,,,,,,,,,,,,,,,,,,
7/27/2016,West,Multiline,Nordstrom,1400,58800,7056,,,,,,,,,,,,,,,,,,,
7/27/2016,South,Multiline,Dollar General,1800,108000,15120,,,,,,,,,,,,,,,,,,,
7/28/2016,South,Multiline,Dollar General,1300,61100,17108,,,,,,,,,,,,,,,,,,,
7/28/2016,West,Food & Staples,Costco,1100,71500,9295,,,,,,,,,,,,,,,,,,,
7/29/2016,South,Specialty,The Home Depot,900,68400,25308,,,,,,,,,,,,,,,,,,,
7/29/2016,Mid West,Food & Staples,Target,1000,41000,9430,,,,,,,,,,,,,,,,,,,
7/29/2016,South,Specialty,Office Depot,700,18200,3276,,,,,,,,,,,,,,,,,,,
7/29/2016,South,Food & Staples,Walmart,1300,113100,31668,,,,,,,,,,,,,,,,,,,
7/29/2016,South,Specialty,The Home Depot,800,61600,9856,,,,,,,,,,,,,,,,,,,
7/30/2016,West,Multiline,JC Penney,1100,30800,10472,,,,,,,,,,,,,,,,,,,
7/31/2016,North East,Specialty,Foot Locker,1100,90200,20746,,,,,,,,,,,,,,,,,,,
8/1/2016,West,Food & Staples,Costco,200,11800,4130,,,,,,,,,,,,,,,,,,,
8/1/2016,West,Food & Staples,Costco,800,61600,10472,,,,,,,,,,,,,,,,,,,
8/2/2016,Mid West,Food & Staples,Target,800,39200,5096,,,,,,,,,,,,,,,,,,,
8/2/2016,South,Multiline,Family Dollar,1300,107900,23738,,,,,,,,,,,,,,,,,,,
8/3/2016,Mid West,Food & Staples,Target,400,18400,6072,,,,,,,,,,,,,,,,,,,
8/3/2016,West,Multiline,JC Penney,1600,36800,6256,,,,,,,,,,,,,,,,,,,
8/3/2016,South,Specialty,Office Depot,1400,43400,13020,,,,,,,,,,,,,,,,,,,
8/4/2016,West,Food & Staples,Costco,200,11600,1508,,,,,,,,,,,,,,,,,,,
8/5/2016,South,Specialty,Office Depot,1400,33600,11088,,,,,,,,,,,,,,,,,,,
8/6/2016,South,Specialty,Office Depot,800,45600,7296,,,,,,,,,,,,,,,,,,,
8/6/2016,South,Multiline,Family Dollar,1300,18200,2912,,,,,,,,,,,,,,,,,,,
8/6/2016,South,Food & Staples,Walmart,1300,89700,22425,,,,,,,,,,,,,,,,,,,
8/7/2016,South,Multiline,Dollar General,200,10600,3180,,,,,,,,,,,,,,,,,,,
8/7/2016,West,Food & Staples,Costco,700,11200,3920,,,,,,,,,,,,,,,,,,,
8/8/2016,Mid West,Food & Staples,The Kroger,1700,110500,40885,,,,,,,,,,,,,,,,,,,
8/8/2016,South,Specialty,Office Depot,1600,62400,11856,,,,,,,,,,,,,,,,,,,
8/9/2016,South,Food & Staples,Winn-Dixie,1500,91500,32025,,,,,,,,,,,,,,,,,,,
8/9/2016,South,Multiline,Dollar Tree,500,15000,3450,,,,,,,,,,,,,,,,,,,
8/9/2016,Mid West,Food & Staples,The Kroger,1600,32000,4800,,,,,,,,,,,,,,,,,,,
8/9/2016,West,Food & Staples,Costco,1100,82500,26400,,,,,,,,,,,,,,,,,,,
8/9/2016,South,Food & Staples,Walmart,300,22800,2964,,,,,,,,,,,,,,,,,,,
8/10/2016,West,Multiline,Nordstrom,1800,64800,20736,,,,,,,,,,,,,,,,,,,
8/10/2016,South,Multiline,Family Dollar,900,16200,4374,,,,,,,,,,,,,,,,,,,
8/10/2016,Mid West,Food & Staples,Target,600,33000,6600,,,,,,,,,,,,,,,,,,,
8/10/2016,West,Food & Staples,Costco,1100,50600,11132,,,,,,,,,,,,,,,,,,,
8/11/2016,Mid West,Food & Staples,The Kroger,900,12600,2016,,,,,,,,,,,,,,,,,,,
8/11/2016,North East,Specialty,Staples,1000,26000,5200,,,,,,,,,,,,,,,,,,,
8/11/2016,South,Multiline,Dollar Tree,1800,126000,22680,,,,,,,,,,,,,,,,,,,
8/12/2016,Mid West,Food & Staples,Target,1200,50400,6048,,,,,,,,,,,,,,,,,,,
8/12/2016,Mid West,Multiline,Kohl's,300,4800,528,,,,,,,,,,,,,,,,,,,
8/13/2016,Mid West,Food & Staples,Target,700,53200,14364,,,,,,,,,,,,,,,,,,,
8/14/2016,West,Multiline,Nordstrom,1600,115200,33408,,,,,,,,,,,,,,,,,,,
8/15/2016,South,Food & Staples,Winn-Dixie,1400,82600,9912,,,,,,,,,,,,,,,,,,,
8/15/2016,South,Food & Staples,Winn-Dixie,300,12600,1890,,,,,,,,,,,,,,,,,,,
8/16/2016,Mid West,Food & Staples,Casey's,1200,86400,31968,,,,,,,,,,,,,,,,,,,
8/16/2016,West,Food & Staples,Costco,500,34000,8840,,,,,,,,,,,,,,,,,,,
8/17/2016,Mid West,Food & Staples,Casey's,200,8000,2160,,,,,,,,,,,,,,,,,,,
8/19/2016,Mid West,Food & Staples,Casey's,1700,139400,15334,,,,,,,,,,,,,,,,,,,
8/19/2016,South,Multiline,Dollar General,700,35000,7000,,,,,,,,,,,,,,,,,,,
8/19/2016,Mid West,Food & Staples,The Kroger,1700,40800,8160,,,,,,,,,,,,,,,,,,,
8/20/2016,West,Food & Staples,Costco,400,8000,2160,,,,,,,,,,,,,,,,,,,
8/20/2016,South,Multiline,Dollar Tree,800,30400,10336,,,,,,,,,,,,,,,,,,,
8/20/2016,South,Specialty,Office Depot,1300,45500,12740,,,,,,,,,,,,,,,,,,,
8/21/2016,South,Specialty,Office Depot,1000,85000,28900,,,,,,,,,,,,,,,,,,,
8/21/2016,West,Multiline,Nordstrom,300,7200,2664,,,,,,,,,,,,,,,,,,,
8/21/2016,South,Multiline,Dollar Tree,400,5200,1248,,,,,,,,,,,,,,,,,,,
8/21/2016,West,Multiline,Nordstrom,200,4400,660,,,,,,,,,,,,,,,,,,,
8/22/2016,South,Specialty,Office Depot,700,32900,3290,,,,,,,,,,,,,,,,,,,
8/22/2016,Mid West,Food & Staples,The Kroger,700,39900,6384,,,,,,,,,,,,,,,,,,,
8/23/2016,South,Specialty,Office Depot,900,41400,5382,,,,,,,,,,,,,,,,,,,
8/23/2016,Mid West,Multiline,Kohl's,1100,80300,13651,,,,,,,,,,,,,,,,,,,
8/23/2016,West,Food & Staples,Costco,1600,108800,29376,,,,,,,,,,,,,,,,,,,
8/24/2016,North East,Specialty,Staples,1400,44800,14336,,,,,,,,,,,,,,,,,,,
8/24/2016,Mid West,Food & Staples,Target,1400,60200,6020,,,,,,,,,,,,,,,,,,,
8/24/2016,Mid West,Food & Staples,Target,1100,50600,10120,,,,,,,,,,,,,,,,,,,
8/24/2016,South,Multiline,Dollar General,1100,88000,30800,,,,,,,,,,,,,,,,,,,
8/26/2016,South,Multiline,Family Dollar,800,12800,1920,,,,,,,,,,,,,,,,,,,
8/26/2016,South,Food & Staples,Walmart,700,55300,11060,,,,,,,,,,,,,,,,,,,
8/27/2016,South,Multiline,Family Dollar,400,14400,1584,,,,,,,,,,,,,,,,,,,
8/28/2016,West,Food & Staples,Costco,1500,97500,30225,,,,,,,,,,,,,,,,,,,
8/29/2016,Mid West,Food & Staples,Target,1700,66300,13260,,,,,,,,,,,,,,,,,,,
8/29/2016,South,Multiline,Dollar General,200,3400,884,,,,,,,,,,,,,,,,,,,
8/30/2016,Mid West,Food & Staples,The Kroger,1500,22500,5400,,,,,,,,,,,,,,,,,,,
8/30/2016,North East,Specialty,Foot Locker,300,22200,6216,,,,,,,,,,,,,,,,,,,
8/30/2016,West,Food & Staples,Costco,1200,81600,30192,,,,,,,,,,,,,,,,,,,
9/1/2016,Mid West,Multiline,Kohl's,1300,41600,15392,,,,,,,,,,,,,,,,,,,
9/2/2016,North East,Specialty,Foot Locker,800,20000,2400,,,,,,,,,,,,,,,,,,,
9/2/2016,South,Food & Staples,Walmart,1800,111600,18972,,,,,,,,,,,,,,,,,,,
9/2/2016,West,Multiline,Nordstrom,1200,96000,28800,,,,,,,,,,,,,,,,,,,
9/2/2016,South,Food & Staples,Walmart,1100,42900,15873,,,,,,,,,,,,,,,,,,,
9/2/2016,South,Specialty,The Home Depot,1200,92400,26796,,,,,,,,,,,,,,,,,,,
9/2/2016,South,Multiline,Dollar General,200,6400,1408,,,,,,,,,,,,,,,,,,,
9/4/2016,West,Food & Staples,Costco,200,14800,2664,,,,,,,,,,,,,,,,,,,
9/4/2016,Mid West,Food & Staples,The Kroger,200,10600,3710,,,,,,,,,,,,,,,,,,,
9/4/2016,South,Multiline,Dollar General,900,12600,3654,,,,,,,,,,,,,,,,,,,
9/5/2016,North East,Specialty,Staples,800,26400,4488,,,,,,,,,,,,,,,,,,,
9/5/2016,West,Food & Staples,Costco,600,7800,2340,,,,,,,,,,,,,,,,,,,
9/5/2016,South,Multiline,Dollar Tree,900,44100,14112,,,,,,,,,,,,,,,,,,,
9/6/2016,Mid West,Food & Staples,The Kroger,500,32000,5760,,,,,,,,,,,,,,,,,,,
9/6/2016,North East,Specialty,Staples,600,15600,3744,,,,,,,,,,,,,,,,,,,
9/6/2016,South,Multiline,Dollar Tree,1200,15600,3744,,,,,,,,,,,,,,,,,,,
9/6/2016,South,Food & Staples,Walmart,700,47600,17136,,,,,,,,,,,,,,,,,,,
9/7/2016,South,Multiline,Dollar Tree,700,12600,3402,,,,,,,,,,,,,,,,,,,
9/7/2016,South,Multiline,Dollar Tree,1500,117000,14040,,,,,,,,,,,,,,,,,,,
9/7/2016,Mid West,Food & Staples,The Kroger,1300,107900,17264,,,,,,,,,,,,,,,,,,,
9/7/2016,North East,Specialty,Staples,800,16000,2400,,,,,,,,,,,,,,,,,,,
9/7/2016,South,Specialty,The Home Depot,700,29400,4410,,,,,,,,,,,,,,,,,,,
9/8/2016,Mid West,Food & Staples,Casey's,800,49600,15376,,,,,,,,,,,,,,,,,,,
9/8/2016,Mid West,Multiline,Kohl's,400,34800,9396,,,,,,,,,,,,,,,,,,,
9/9/2016,South,Food & Staples,Walmart,1400,103600,10360,,,,,,,,,,,,,,,,,,,
9/9/2016,West,Food & Staples,Costco,200,3600,1296,,,,,,,,,,,,,,,,,,,
9/12/2016,Mid West,Food & Staples,Target,200,5000,1150,,,,,,,,,,,,,,,,,,,
9/12/2016,West,Food & Staples,Costco,400,20000,4600,,,,,,,,,,,,,,,,,,,
9/12/2016,South,Specialty,The Home Depot,200,12800,4352,,,,,,,,,,,,,,,,,,,
9/13/2016,South,Specialty,Office Depot,1200,87600,23652,,,,,,,,,,,,,,,,,,,
9/13/2016,West,Food & Staples,Costco,1000,12000,3360,,,,,,,,,,,,,,,,,,,
9/13/2016,West,Food & Staples,Costco,400,22000,5280,,,,,,,,,,,,,,,,,,,
9/13/2016,South,Multiline,Dollar Tree,1200,68400,14364,,,,,,,,,,,,,,,,,,,
9/13/2016,South,Food & Staples,Walmart,1400,112000,14560,,,,,,,,,,,,,,,,,,,
9/13/2016,Mid West,Multiline,Kohl's,300,6600,2376,,,,,,,,,,,,,,,,,,,
9/13/2016,North East,Specialty,Staples,1300,28600,8580,,,,,,,,,,,,,,,,,,,
9/14/2016,South,Multiline,Family Dollar,1000,80000,19200,,,,,,,,,,,,,,,,,,,
9/14/2016,Mid West,Food & Staples,Target,800,64800,7128,,,,,,,,,,,,,,,,,,,
9/14/2016,South,Multiline,Family Dollar,1500,97500,31200,,,,,,,,,,,,,,,,,,,
9/14/2016,West,Food & Staples,Costco,700,21000,3780,,,,,,,,,,,,,,,,,,,
9/15/2016,Mid West,Multiline,Kohl's,1700,79900,21573,,,,,,,,,,,,,,,,,,,
9/15/2016,Mid West,Food & Staples,The Kroger,1000,15000,4050,,,,,,,,,,,,,,,,,,,
9/15/2016,Mid West,Food & Staples,Target,900,36000,12240,,,,,,,,,,,,,,,,,,,
9/16/2016,Mid West,Food & Staples,Casey's,1500,19500,2145,,,,,,,,,,,,,,,,,,,
9/16/2016,West,Multiline,Nordstrom,500,33500,5695,,,,,,,,,,,,,,,,,,,
9/16/2016,Mid West,Multiline,Kohl's,700,32200,5474,,,,,,,,,,,,,,,,,,,
9/17/2016,South,Specialty,Office Depot,1100,84700,22869,,,,,,,,,,,,,,,,,,,
9/17/2016,West,Multiline,Nordstrom,500,9000,900,,,,,,,,,,,,,,,,,,,
9/17/2016,North East,Specialty,Staples,1400,25200,7308,,,,,,,,,,,,,,,,,,,
9/18/2016,Mid West,Food & Staples,Target,900,54000,16740,,,,,,,,,,,,,,,,,,,
9/18/2016,Mid West,Food & Staples,Target,1700,134300,25517,,,,,,,,,,,,,,,,,,,
9/18/2016,South,Specialty,Office Depot,1800,54000,16740,,,,,,,,,,,,,,,,,,,
9/20/2016,West,Food & Staples,Costco,900,49500,15345,,,,,,,,,,,,,,,,,,,
9/20/2016,North East,Specialty,Staples,900,32400,9396,,,,,,,,,,,,,,,,,,,
9/20/2016,South,Multiline,Dollar Tree,300,26100,3654,,,,,,,,,,,,,,,,,,,
9/20/2016,North East,Specialty,Staples,1600,52800,17952,,,,,,,,,,,,,,,,,,,
9/20/2016,South,Food & Staples,Winn-Dixie,1000,12000,3720,,,,,,,,,,,,,,,,,,,
9/20/2016,Mid West,Food & Staples,The Kroger,400,22800,5928,,,,,,,,,,,,,,,,,,,
9/20/2016,South,Specialty,The Home Depot,1000,73000,18250,,,,,,,,,,,,,,,,,,,
9/21/2016,West,Multiline,Nordstrom,1300,18200,2002,,,,,,,,,,,,,,,,,,,
9/21/2016,Mid West,Food & Staples,Casey's,600,15000,5400,,,,,,,,,,,,,,,,,,,
9/21/2016,North East,Specialty,Foot Locker,500,31000,4030,,,,,,,,,,,,,,,,,,,
9/21/2016,South,Multiline,Dollar General,500,6000,1980,,,,,,,,,,,,,,,,,,,
9/21/2016,Mid West,Multiline,Kohl's,1200,87600,28908,,,,,,,,,,,,,,,,,,,
9/22/2016,West,Multiline,Nordstrom,600,31800,3816,,,,,,,,,,,,,,,,,,,
9/23/2016,South,Specialty,The Home Depot,1100,80300,10439,,,,,,,,,,,,,,,,,,,
9/23/2016,South,Multiline,Dollar General,1700,20400,2652,,,,,,,,,,,,,,,,,,,
9/24/2016,West,Multiline,Nordstrom,800,33600,11424,,,,,,,,,,,,,,,,,,,
9/24/2016,South,Food & Staples,Walmart,800,19200,5760,,,,,,,,,,,,,,,,,,,
9/24/2016,West,Food & Staples,Costco,1800,54000,17820,,,,,,,,,,,,,,,,,,,
9/26/2016,West,Food & Staples,Costco,500,19000,5130,,,,,,,,,,,,,,,,,,,
9/26/2016,West,Multiline,Nordstrom,1600,134400,36288,,,,,,,,,,,,,,,,,,,
9/26/2016,South,Specialty,Office Depot,700,9100,1001,,,,,,,,,,,,,,,,,,,
9/26/2016,North East,Specialty,Foot Locker,500,8500,2040,,,,,,,,,,,,,,,,,,,
9/26/2016,North East,Specialty,Foot Locker,1100,18700,2805,,,,,,,,,,,,,,,,,,,
9/27/2016,Mid West,Food & Staples,Target,1600,60800,12160,,,,,,,,,,,,,,,,,,,
9/28/2016,South,Food & Staples,Walmart,400,14800,3552,,,,,,,,,,,,,,,,,,,
9/28/2016,South,Food & Staples,Walmart,1300,16900,4225,,,,,,,,,,,,,,,,,,,
9/28/2016,West,Food & Staples,Costco,400,6000,1620,,,,,,,,,,,,,,,,,,,
9/29/2016,West,Multiline,JC Penney,500,13000,1300,,,,,,,,,,,,,,,,,,,
9/29/2016,West,Food & Staples,Costco,200,8600,1634,,,,,,,,,,,,,,,,,,,
9/29/2016,West,Food & Staples,Costco,300,12300,3198,,,,,,,,,,,,,,,,,,,
9/30/2016,South,Food & Staples,Walmart,1200,74400,23064,,,,,,,,,,,,,,,,,,,
9/30/2016,South,Food & Staples,Winn-Dixie,900,54000,16200,,,,,,,,,,,,,,,,,,,
9/30/2016,West,Multiline,JC Penney,1200,87600,23652,,,,,,,,,,,,,,,,,,,
10/1/2016,South,Specialty,The Home Depot,800,56800,18744,,,,,,,,,,,,,,,,,,,
10/1/2016,South,Food & Staples,Winn-Dixie,1100,95700,26796,,,,,,,,,,,,,,,,,,,
10/1/2016,South,Specialty,Office Depot,200,4000,1080,,,,,,,,,,,,,,,,,,,
10/1/2016,South,Multiline,Dollar General,400,5600,1344,,,,,,,,,,,,,,,,,,,
10/2/2016,Mid West,Food & Staples,Target,800,32000,10880,,,,,,,,,,,,,,,,,,,
10/2/2016,South,Food & Staples,Winn-Dixie,1300,28600,6578,,,,,,,,,,,,,,,,,,,
10/2/2016,West,Food & Staples,Costco,900,23400,6552,,,,,,,,,,,,,,,,,,,
10/2/2016,South,Multiline,Family Dollar,1100,36300,10890,,,,,,,,,,,,,,,,,,,
10/2/2016,South,Specialty,The Home Depot,1300,39000,5850,,,,,,,,,,,,,,,,,,,
10/2/2016,South,Food & Staples,Walmart,600,23400,2340,,,,,,,,,,,,,,,,,,,
10/2/2016,South,Food & Staples,Walmart,1700,42500,8925,,,,,,,,,,,,,,,,,,,
10/3/2016,North East,Specialty,Foot Locker,400,25200,7308,,,,,,,,,,,,,,,,,,,
10/4/2016,South,Multiline,Dollar General,1700,73100,17544,,,,,,,,,,,,,,,,,,,
10/4/2016,South,Multiline,Dollar Tree,1200,46800,4680,,,,,,,,,,,,,,,,,,,
10/4/2016,South,Food & Staples,Winn-Dixie,900,15300,2601,,,,,,,,,,,,,,,,,,,
10/5/2016,West,Multiline,JC Penney,900,78300,16443,,,,,,,,,,,,,,,,,,,
10/5/2016,West,Food & Staples,Costco,1300,71500,14300,,,,,,,,,,,,,,,,,,,
10/5/2016,West,Multiline,JC Penney,1800,81000,28350,,,,,,,,,,,,,,,,,,,
10/6/2016,North East,Specialty,Foot Locker,1000,71000,26270,,,,,,,,,,,,,,,,,,,
10/6/2016,South,Specialty,Office Depot,300,10800,2592,,,,,,,,,,,,,,,,,,,
10/6/2016,South,Food & Staples,Walmart,1400,64400,14168,,,,,,,,,,,,,,,,,,,
10/6/2016,South,Multiline,Family Dollar,1300,27300,2730,,,,,,,,,,,,,,,,,,,
10/6/2016,West,Multiline,Nordstrom,1400,102200,14308,,,,,,,,,,,,,,,,,,,
10/6/2016,West,Multiline,Nordstrom,1200,74400,23808,,,,,,,,,,,,,,,,,,,
10/6/2016,South,Multiline,Dollar Tree,1000,35000,5950,,,,,,,,,,,,,,,,,,,
10/6/2016,West,Food & Staples,Costco,600,13200,3300,,,,,,,,,,,,,,,,,,,
10/6/2016,North East,Specialty,Foot Locker,1300,98800,27664,,,,,,,,,,,,,,,,,,,
10/7/2016,North East,Specialty,Staples,1300,87100,11323,,,,,,,,,,,,,,,,,,,
10/7/2016,South,Multiline,Dollar General,1500,96000,9600,,,,,,,,,,,,,,,,,,,
10/7/2016,West,Multiline,Nordstrom,900,52200,6264,,,,,,,,,,,,,,,,,,,
10/8/2016,South,Multiline,Dollar General,1200,30000,10800,,,,,,,,,,,,,,,,,,,
10/8/2016,Mid West,Food & Staples,The Kroger,500,24500,7350,,,,,,,,,,,,,,,,,,,
10/8/2016,West,Food & Staples,Costco,200,6600,1254,,,,,,,,,,,,,,,,,,,
10/8/2016,North East,Specialty,Staples,1100,74800,24684,,,,,,,,,,,,,,,,,,,
10/8/2016,South,Food & Staples,Walmart,900,21600,5832,,,,,,,,,,,,,,,,,,,
10/8/2016,South,Food & Staples,Winn-Dixie,900,62100,19872,,,,,,,,,,,,,,,,,,,
10/8/2016,South,Food & Staples,Winn-Dixie,1700,112200,28050,,,,,,,,,,,,,,,,,,,
10/8/2016,South,Multiline,Family Dollar,1400,26600,9044,,,,,,,,,,,,,,,,,,,
10/8/2016,West,Food & Staples,Costco,1800,84600,17766,,,,,,,,,,,,,,,,,,,
10/9/2016,South,Multiline,Dollar Tree,400,18400,6808,,,,,,,,,,,,,,,,,,,
10/9/2016,South,Food & Staples,Walmart,1300,68900,24115,,,,,,,,,,,,,,,,,,,
10/9/2016,South,Multiline,Dollar General,1800,30600,7038,,,,,,,,,,,,,,,,,,,
10/9/2016,Mid West,Food & Staples,The Kroger,300,3600,540,,,,,,,,,,,,,,,,,,,
10/10/2016,Mid West,Food & Staples,Target,800,25600,7680,,,,,,,,,,,,,,,,,,,
10/10/2016,South,Multiline,Dollar Tree,1700,81600,26928,,,,,,,,,,,,,,,,,,,
10/10/2016,West,Food & Staples,Costco,700,56000,15680,,,,,,,,,,,,,,,,,,,
10/10/2016,South,Multiline,Dollar Tree,700,41300,10325,,,,,,,,,,,,,,,,,,,
10/10/2016,North East,Specialty,Foot Locker,500,24000,3360,,,,,,,,,,,,,,,,,,,
10/11/2016,North East,Specialty,Staples,1000,58000,18560,,,,,,,,,,,,,,,,,,,
10/11/2016,Mid West,Food & Staples,Casey's,1300,29900,5382,,,,,,,,,,,,,,,,,,,
10/11/2016,South,Multiline,Dollar Tree,500,8500,1955,,,,,,,,,,,,,,,,,,,
10/11/2016,West,Food & Staples,Costco,1200,30000,7200,,,,,,,,,,,,,,,,,,,
10/12/2016,North East,Specialty,Staples,900,53100,11151,,,,,,,,,,,,,,,,,,,
10/12/2016,West,Multiline,Nordstrom,300,7200,1440,,,,,,,,,,,,,,,,,,,
10/12/2016,South,Specialty,The Home Depot,1400,49000,15680,,,,,,,,,,,,,,,,,,,
10/12/2016,West,Multiline,JC Penney,1200,80400,28140,,,,,,,,,,,,,,,,,,,
10/12/2016,South,Multiline,Family Dollar,600,47400,6162,,,,,,,,,,,,,,,,,,,
10/13/2016,South,Multiline,Family Dollar,1100,77000,21560,,,,,,,,,,,,,,,,,,,
10/14/2016,South,Multiline,Family Dollar,1300,106600,25584,,,,,,,,,,,,,,,,,,,
10/14/2016,Mid West,Food & Staples,Casey's,800,10400,1768,,,,,,,,,,,,,,,,,,,
10/14/2016,Mid West,Multiline,Kohl's,500,39000,7800,,,,,,,,,,,,,,,,,,,
10/15/2016,West,Food & Staples,Costco,1400,61600,17864,,,,,,,,,,,,,,,,,,,
10/15/2016,South,Specialty,The Home Depot,700,18200,3640,,,,,,,,,,,,,,,,,,,
10/16/2016,Mid West,Food & Staples,Casey's,1800,154800,46440,,,,,,,,,,,,,,,,,,,
10/16/2016,South,Multiline,Dollar Tree,1000,80000,16800,,,,,,,,,,,,,,,,,,,
10/16/2016,Mid West,Food & Staples,Target,700,53900,8085,,,,,,,,,,,,,,,,,,,
10/17/2016,South,Food & Staples,Walmart,1100,20900,3762,,,,,,,,,,,,,,,,,,,
10/17/2016,Mid West,Food & Staples,Casey's,200,8800,968,,,,,,,,,,,,,,,,,,,
10/17/2016,South,Multiline,Dollar General,500,8500,3060,,,,,,,,,,,,,,,,,,,
10/17/2016,West,Food & Staples,Costco,1800,61200,18360,,,,,,,,,,,,,,,,,,,
10/17/2016,Mid West,Food & Staples,Casey's,1800,135000,14850,,,,,,,,,,,,,,,,,,,
10/18/2016,South,Food & Staples,Walmart,600,28800,6624,,,,,,,,,,,,,,,,,,,
10/18/2016,South,Food & Staples,Walmart,1100,18700,2244,,,,,,,,,,,,,,,,,,,
10/19/2016,Mid West,Food & Staples,Target,1400,54600,9828,,,,,,,,,,,,,,,,,,,
10/19/2016,North East,Specialty,Staples,1700,147900,29580,,,,,,,,,,,,,,,,,,,
10/19/2016,North East,Specialty,Staples,600,37200,11160,,,,,,,,,,,,,,,,,,,
10/19/2016,South,Multiline,Family Dollar,1600,124800,37440,,,,,,,,,,,,,,,,,,,
10/19/2016,North East,Specialty,Staples,900,54000,9720,,,,,,,,,,,,,,,,,,,
10/20/2016,South,Multiline,Dollar Tree,1700,68000,21760,,,,,,,,,,,,,,,,,,,
10/20/2016,South,Multiline,Dollar Tree,1400,81200,15428,,,,,,,,,,,,,,,,,,,
10/21/2016,South,Food & Staples,Walmart,1300,76700,27612,,,,,,,,,,,,,,,,,,,
10/22/2016,Mid West,Food & Staples,Casey's,1800,25200,5796,,,,,,,,,,,,,,,,,,,
10/22/2016,Mid West,Food & Staples,The Kroger,1800,86400,17280,,,,,,,,,,,,,,,,,,,
10/23/2016,West,Food & Staples,Costco,1600,94400,28320,,,,,,,,,,,,,,,,,,,
10/23/2016,Mid West,Multiline,Kohl's,300,21900,2409,,,,,,,,,,,,,,,,,,,
10/23/2016,West,Multiline,JC Penney,300,9900,2376,,,,,,,,,,,,,,,,,,,
10/23/2016,Mid West,Multiline,Kohl's,300,24900,7221,,,,,,,,,,,,,,,,,,,
10/24/2016,West,Multiline,JC Penney,600,32400,9072,,,,,,,,,,,,,,,,,,,
10/25/2016,South,Food & Staples,Winn-Dixie,900,33300,11988,,,,,,,,,,,,,,,,,,,
10/25/2016,South,Specialty,Office Depot,1100,59400,8910,,,,,,,,,,,,,,,,,,,
10/26/2016,Mid West,Food & Staples,Casey's,1000,54000,18360,,,,,,,,,,,,,,,,,,,
10/26/2016,South,Multiline,Family Dollar,1600,65600,16400,,,,,,,,,,,,,,,,,,,
10/27/2016,South,Food & Staples,Winn-Dixie,600,39000,11310,,,,,,,,,,,,,,,,,,,
10/28/2016,Mid West,Food & Staples,Casey's,500,25500,7650,,,,,,,,,,,,,,,,,,,
10/29/2016,North East,Specialty,Staples,1200,33600,6048,,,,,,,,,,,,,,,,,,,
10/29/2016,Mid West,Food & Staples,Target,1400,82600,29736,,,,,,,,,,,,,,,,,,,
10/30/2016,Mid West,Food & Staples,Target,200,3000,330,,,,,,,,,,,,,,,,,,,
10/31/2016,South,Food & Staples,Winn-Dixie,200,17000,3910,,,,,,,,,,,,,,,,,,,
11/1/2016,West,Multiline,JC Penney,800,36800,4048,,,,,,,,,,,,,,,,,,,
11/2/2016,Mid West,Food & Staples,Casey's,1600,105600,31680,,,,,,,,,,,,,,,,,,,
11/2/2016,Mid West,Multiline,Kohl's,1100,24200,2662,,,,,,,,,,,,,,,,,,,
11/3/2016,Mid West,Food & Staples,The Kroger,600,22200,6660,,,,,,,,,,,,,,,,,,,
11/4/2016,North East,Specialty,Staples,300,21300,3195,,,,,,,,,,,,,,,,,,,
11/4/2016,Mid West,Food & Staples,The Kroger,1100,34100,5115,,,,,,,,,,,,,,,,,,,
11/4/2016,Mid West,Multiline,Kohl's,800,20800,2288,,,,,,,,,,,,,,,,,,,
11/4/2016,South,Multiline,Dollar Tree,1400,109200,29484,,,,,,,,,,,,,,,,,,,
11/4/2016,South,Food & Staples,Winn-Dixie,700,49700,16898,,,,,,,,,,,,,,,,,,,
11/5/2016,North East,Specialty,Foot Locker,600,25800,5160,,,,,,,,,,,,,,,,,,,
11/6/2016,South,Food & Staples,Walmart,800,64000,19840,,,,,,,,,,,,,,,,,,,
11/7/2016,South,Multiline,Dollar General,1300,57200,8008,,,,,,,,,,,,,,,,,,,
11/7/2016,West,Multiline,JC Penney,700,60200,19264,,,,,,,,,,,,,,,,,,,
11/7/2016,South,Food & Staples,Winn-Dixie,1100,33000,7590,,,,,,,,,,,,,,,,,,,
11/8/2016,West,Multiline,JC Penney,1000,71000,17750,,,,,,,,,,,,,,,,,,,
11/8/2016,South,Multiline,Family Dollar,900,45900,9639,,,,,,,,,,,,,,,,,,,
11/10/2016,Mid West,Food & Staples,The Kroger,700,48300,7245,,,,,,,,,,,,,,,,,,,
11/10/2016,West,Multiline,Nordstrom,1100,75900,8349,,,,,,,,,,,,,,,,,,,
11/10/2016,North East,Specialty,Foot Locker,1000,59000,18880,,,,,,,,,,,,,,,,,,,
11/11/2016,Mid West,Food & Staples,Target,400,30800,10164,,,,,,,,,,,,,,,,,,,
11/11/2016,West,Food & Staples,Costco,400,5200,1300,,,,,,,,,,,,,,,,,,,
11/12/2016,South,Specialty,The Home Depot,900,73800,7380,,,,,,,,,,,,,,,,,,,
11/12/2016,South,Food & Staples,Winn-Dixie,1200,90000,24300,,,,,,,,,,,,,,,,,,,
11/12/2016,South,Specialty,The Home Depot,200,13800,4830,,,,,,,,,,,,,,,,,,,
11/12/2016,West,Multiline,Nordstrom,400,28000,8400,,,,,,,,,,,,,,,,,,,
11/12/2016,Mid West,Food & Staples,The Kroger,500,20500,3280,,,,,,,,,,,,,,,,,,,
11/12/2016,South,Specialty,Office Depot,1000,76000,12920,,,,,,,,,,,,,,,,,,,
11/13/2016,South,Multiline,Family Dollar,1200,46800,6084,,,,,,,,,,,,,,,,,,,
11/13/2016,North East,Specialty,Foot Locker,800,47200,7080,,,,,,,,,,,,,,,,,,,
11/13/2016,South,Multiline,Dollar Tree,1700,44200,8398,,,,,,,,,,,,,,,,,,,
11/14/2016,North East,Specialty,Foot Locker,1300,89700,22425,,,,,,,,,,,,,,,,,,,
11/14/2016,Mid West,Food & Staples,Casey's,1200,102000,35700,,,,,,,,,,,,,,,,,,,
11/14/2016,Mid West,Food & Staples,Target,300,15300,1989,,,,,,,,,,,,,,,,,,,
11/14/2016,West,Food & Staples,Costco,700,51800,15022,,,,,,,,,,,,,,,,,,,
11/15/2016,South,Food & Staples,Winn-Dixie,1300,18200,3822,,,,,,,,,,,,,,,,,,,
11/17/2016,West,Multiline,Nordstrom,1700,100300,26078,,,,,,,,,,,,,,,,,,,
11/17/2016,North East,Specialty,Staples,1300,75400,18096,,,,,,,,,,,,,,,,,,,
11/18/2016,Mid West,Food & Staples,Casey's,900,31500,6615,,,,,,,,,,,,,,,,,,,
11/18/2016,South,Food & Staples,Walmart,400,26400,2904,,,,,,,,,,,,,,,,,,,
11/18/2016,Mid West,Food & Staples,Casey's,200,8400,2772,,,,,,,,,,,,,,,,,,,
11/18/2016,South,Food & Staples,Winn-Dixie,400,34000,11900,,,,,,,,,,,,,,,,,,,
11/18/2016,West,Food & Staples,Costco,200,5600,560,,,,,,,,,,,,,,,,,,,
11/20/2016,West,Multiline,Nordstrom,1800,23400,3978,,,,,,,,,,,,,,,,,,,
11/20/2016,West,Food & Staples,Costco,1800,140400,37908,,,,,,,,,,,,,,,,,,,
11/21/2016,South,Specialty,The Home Depot,1400,56000,10080,,,,,,,,,,,,,,,,,,,
11/21/2016,West,Multiline,JC Penney,1200,25200,7560,,,,,,,,,,,,,,,,,,,
11/22/2016,South,Specialty,Office Depot,1600,41600,4160,,,,,,,,,,,,,,,,,,,
11/22/2016,South,Multiline,Family Dollar,1400,21000,2940,,,,,,,,,,,,,,,,,,,
11/22/2016,South,Multiline,Family Dollar,700,58800,11760,,,,,,,,,,,,,,,,,,,
11/23/2016,Mid West,Multiline,Kohl's,200,2800,644,,,,,,,,,,,,,,,,,,,
11/23/2016,Mid West,Food & Staples,The Kroger,600,49200,7872,,,,,,,,,,,,,,,,,,,
11/23/2016,South,Multiline,Dollar Tree,1400,58800,19404,,,,,,,,,,,,,,,,,,,
11/23/2016,Mid West,Multiline,Kohl's,400,11200,2352,,,,,,,,,,,,,,,,,,,
11/24/2016,South,Specialty,Office Depot,1100,36300,11979,,,,,,,,,,,,,,,,,,,
11/24/2016,South,Multiline,Dollar Tree,300,23100,5313,,,,,,,,,,,,,,,,,,,
11/24/2016,South,Specialty,The Home Depot,300,8400,2940,,,,,,,,,,,,,,,,,,,
11/24/2016,West,Food & Staples,Costco,800,67200,20160,,,,,,,,,,,,,,,,,,,
11/25/2016,South,Multiline,Dollar Tree,1100,31900,7018,,,,,,,,,,,,,,,,,,,
11/25/2016,Mid West,Food & Staples,The Kroger,900,69300,22176,,,,,,,,,,,,,,,,,,,
11/25/2016,North East,Specialty,Staples,400,25600,7168,,,,,,,,,,,,,,,,,,,
11/26/2016,West,Multiline,JC Penney,1100,13200,3036,,,,,,,,,,,,,,,,,,,
11/26/2016,West,Multiline,Nordstrom,1800,59400,20196,,,,,,,,,,,,,,,,,,,
11/26/2016,West,Multiline,Nordstrom,1500,61500,7380,,,,,,,,,,,,,,,,,,,
11/27/2016,South,Food & Staples,Winn-Dixie,600,10800,2700,,,,,,,,,,,,,,,,,,,
11/28/2016,North East,Specialty,Foot Locker,600,11400,3876,,,,,,,,,,,,,,,,,,,
11/28/2016,Mid West,Food & Staples,Target,300,8400,1176,,,,,,,,,,,,,,,,,,,
11/28/2016,Mid West,Food & Staples,The Kroger,1300,93600,11232,,,,,,,,,,,,,,,,,,,
11/28/2016,West,Multiline,JC Penney,1500,88500,14160,,,,,,,,,,,,,,,,,,,
11/28/2016,West,Food & Staples,Costco,1000,60000,16200,,,,,,,,,,,,,,,,,,,
11/29/2016,South,Food & Staples,Walmart,600,50400,8064,,,,,,,,,,,,,,,,,,,
11/29/2016,North East,Specialty,Foot Locker,900,72900,11664,,,,,,,,,,,,,,,,,,,
11/29/2016,Mid West,Food & Staples,The Kroger,1000,87000,22620,,,,,,,,,,,,,,,,,,,
11/30/2016,South,Specialty,Office Depot,200,10800,1620,,,,,,,,,,,,,,,,,,,
12/1/2016,Mid West,Food & Staples,Target,1800,19800,5346,,,,,,,,,,,,,,,,,,,
12/1/2016,Mid West,Food & Staples,Target,800,34400,7568,,,,,,,,,,,,,,,,,,,
12/2/2016,South,Multiline,Family Dollar,600,50400,16632,,,,,,,,,,,,,,,,,,,
12/2/2016,West,Multiline,JC Penney,400,21600,4968,,,,,,,,,,,,,,,,,,,
12/2/2016,Mid West,Food & Staples,The Kroger,800,51200,10752,,,,,,,,,,,,,,,,,,,
12/2/2016,West,Food & Staples,Costco,900,23400,4680,,,,,,,,,,,,,,,,,,,
12/2/2016,Mid West,Food & Staples,The Kroger,200,12000,2880,,,,,,,,,,,,,,,,,,,
12/3/2016,South,Specialty,Office Depot,1000,64000,19200,,,,,,,,,,,,,,,,,,,
12/3/2016,South,Food & Staples,Winn-Dixie,1300,55900,10062,,,,,,,,,,,,,,,,,,,
12/3/2016,South,Multiline,Dollar General,500,43000,5160,,,,,,,,,,,,,,,,,,,
12/4/2016,West,Food & Staples,Costco,700,39900,13566,,,,,,,,,,,,,,,,,,,
12/5/2016,North East,Specialty,Staples,200,13000,2990,,,,,,,,,,,,,,,,,,,
12/5/2016,South,Food & Staples,Winn-Dixie,300,16200,1944,,,,,,,,,,,,,,,,,,,
12/6/2016,West,Food & Staples,Costco,1000,62000,21700,,,,,,,,,,,,,,,,,,,
12/6/2016,West,Food & Staples,Costco,800,21600,2808,,,,,,,,,,,,,,,,,,,
12/6/2016,West,Multiline,Nordstrom,400,6000,2100,,,,,,,,,,,,,,,,,,,
12/6/2016,South,Multiline,Dollar General,1800,21600,3672,,,,,,,,,,,,,,,,,,,
12/7/2016,North East,Specialty,Foot Locker,600,36000,5400,,,,,,,,,,,,,,,,,,,
12/8/2016,West,Food & Staples,Costco,1600,131200,26240,,,,,,,,,,,,,,,,,,,
12/8/2016,South,Multiline,Family Dollar,1200,36000,7200,,,,,,,,,,,,,,,,,,,
12/9/2016,South,Multiline,Family Dollar,500,27500,6600,,,,,,,,,,,,,,,,,,,
12/9/2016,West,Multiline,Nordstrom,1400,32200,11592,,,,,,,,,,,,,,,,,,,
12/10/2016,South,Multiline,Dollar Tree,300,5400,1782,,,,,,,,,,,,,,,,,,,
12/10/2016,South,Multiline,Dollar Tree,1700,113900,26197,,,,,,,,,,,,,,,,,,,
12/10/2016,West,Food & Staples,Costco,1400,68600,22638,,,,,,,,,,,,,,,,,,,
12/10/2016,West,Food & Staples,Costco,600,32400,5184,,,,,,,,,,,,,,,,,,,
12/10/2016,West,Food & Staples,Costco,1400,36400,9100,,,,,,,,,,,,,,,,,,,
12/10/2016,Mid West,Multiline,Kohl's,700,43400,14756,,,,,,,,,,,,,,,,,,,
12/11/2016,West,Food & Staples,Costco,1500,108000,20520,,,,,,,,,,,,,,,,,,,
12/11/2016,South,Multiline,Dollar General,1300,92300,13845,,,,,,,,,,,,,,,,,,,
12/12/2016,West,Multiline,JC Penney,1600,100800,17136,,,,,,,,,,,,,,,,,,,
12/12/2016,South,Specialty,Office Depot,1300,78000,27300,,,,,,,,,,,,,,,,,,,
12/13/2016,West,Multiline,JC Penney,600,34200,4104,,,,,,,,,,,,,,,,,,,
12/13/2016,South,Food & Staples,Walmart,1800,151200,49896,,,,,,,,,,,,,,,,,,,
12/14/2016,North East,Specialty,Foot Locker,300,24300,7047,,,,,,,,,,,,,,,,,,,
12/14/2016,Mid West,Multiline,Kohl's,1100,52800,14256,,,,,,,,,,,,,,,,,,,
12/14/2016,South,Specialty,Office Depot,1000,57000,18810,,,,,,,,,,,,,,,,,,,
12/14/2016,Mid West,Food & Staples,Casey's,1200,18000,6480,,,,,,,,,,,,,,,,,,,
12/15/2016,South,Multiline,Dollar General,400,18400,4968,,,,,,,,,,,,,,,,,,,
12/15/2016,West,Multiline,Nordstrom,900,9900,1089,,,,,,,,,,,,,,,,,,,
12/16/2016,South,Multiline,Family Dollar,1200,81600,8160,,,,,,,,,,,,,,,,,,,
12/17/2016,North East,Specialty,Staples,1700,73100,24854,,,,,,,,,,,,,,,,,,,
12/17/2016,North East,Specialty,Staples,1700,132600,42432,,,,,,,,,,,,,,,,,,,
12/17/2016,South,Food & Staples,Walmart,1200,100800,17136,,,,,,,,,,,,,,,,,,,
12/18/2016,North East,Specialty,Foot Locker,400,18000,2160,,,,,,,,,,,,,,,,,,,
12/18/2016,South,Multiline,Family Dollar,700,14000,3220,,,,,,,,,,,,,,,,,,,
12/18/2016,North East,Specialty,Foot Locker,600,48000,14880,,,,,,,,,,,,,,,,,,,
12/18/2016,Mid West,Food & Staples,The Kroger,1600,89600,12544,,,,,,,,,,,,,,,,,,,
12/18/2016,South,Specialty,The Home Depot,300,26100,5481,,,,,,,,,,,,,,,,,,,
12/19/2016,South,Multiline,Dollar Tree,1100,19800,2772,,,,,,,,,,,,,,,,,,,
12/19/2016,Mid West,Food & Staples,Casey's,300,23700,5214,,,,,,,,,,,,,,,,,,,
12/21/2016,South,Multiline,Dollar General,500,29000,4060,,,,,,,,,,,,,,,,,,,
12/21/2016,Mid West,Food & Staples,The Kroger,1200,32400,5184,,,,,,,,,,,,,,,,,,,
12/22/2016,West,Multiline,JC Penney,300,19200,5952,,,,,,,,,,,,,,,,,,,
12/22/2016,South,Multiline,Dollar General,200,9000,3060,,,,,,,,,,,,,,,,,,,
12/22/2016,South,Multiline,Dollar General,1300,109200,39312,,,,,,,,,,,,,,,,,,,
12/23/2016,North East,Specialty,Staples,800,49600,12400,,,,,,,,,,,,,,,,,,,
12/23/2016,South,Specialty,Office Depot,1100,38500,8470,,,,,,,,,,,,,,,,,,,
12/23/2016,North East,Specialty,Foot Locker,1600,36800,6992,,,,,,,,,,,,,,,,,,,
12/24/2016,West,Multiline,Nordstrom,1300,44200,7956,,,,,,,,,,,,,,,,,,,
12/25/2016,South,Food & Staples,Winn-Dixie,1300,62400,19968,,,,,,,,,,,,,,,,,,,
12/25/2016,Mid West,Food & Staples,Casey's,600,19800,3168,,,,,,,,,,,,,,,,,,,
12/26/2016,Mid West,Multiline,Kohl's,1700,81600,26112,,,,,,,,,,,,,,,,,,,
12/26/2016,South,Food & Staples,Walmart,300,18600,6138,,,,,,,,,,,,,,,,,,,
12/27/2016,South,Specialty,The Home Depot,1300,23400,6318,,,,,,,,,,,,,,,,,,,
12/27/2016,Mid West,Food & Staples,Target,1300,28600,10296,,,,,,,,,,,,,,,,,,,
12/27/2016,West,Food & Staples,Costco,500,43500,8265,,,,,,,,,,,,,,,,,,,
12/27/2016,North East,Specialty,Foot Locker,300,10500,3045,,,,,,,,,,,,,,,,,,,
12/27/2016,South,Specialty,Office Depot,400,32800,10168,,,,,,,,,,,,,,,,,,,
12/27/2016,North East,Specialty,Foot Locker,600,7200,1440,,,,,,,,,,,,,,,,,,,
12/28/2016,South,Food & Staples,Walmart,700,58100,19754,,,,,,,,,,,,,,,,,,,
12/28/2016,South,Food & Staples,Walmart,1400,39200,5488,,,,,,,,,,,,,,,,,,,
12/28/2016,South,Food & Staples,Winn-Dixie,1800,73800,24354,,,,,,,,,,,,,,,,,,,
12/28/2016,South,Multiline,Family Dollar,1700,59500,5950,,,,,,,,,,,,,,,,,,,
12/29/2016,West,Multiline,JC Penney,1000,76000,27360,,,,,,,,,,,,,,,,,,,
12/29/2016,South,Multiline,Dollar General,700,14000,4340,,,,,,,,,,,,,,,,,,,
12/29/2016,South,Multiline,Family Dollar,500,31500,5670,,,,,,,,,,,,,,,,,,,
12/30/2016,North East,Specialty,Staples,400,15200,4560,,,,,,,,,,,,,,,,,,,
12/30/2016,West,Food & Staples,Costco,1200,28800,8352,,,,,,,,,,,,,,,,,,,
12/30/2016,Mid West,Food & Staples,Target,1700,45900,8721,,,,,,,,,,,,,,,,,,,
12/30/2016,South,Specialty,The Home Depot,1700,34000,7820,,,,,,,,,,,,,,,,,,,
12/30/2016,North East,Specialty,Foot Locker,1600,129600,41472,,,,,,,,,,,,,,,,,,,
12/31/2016,West,Multiline,JC Penney,700,11900,2856,,,,,,,,,,,,,,,,,,,
12/31/2016,West,Food & Staples,Costco,900,27000,3240,,,,,,,,,,,,,,,,,,,
